,交易日,SecurityID,交易所代码,SecurityName,PreClosePrice,OpenPrice,Volume,Turnover,TradingCount,LastPrice,BidPrice1,BidVolume1,AskPrice1,AskVolume1,BidPrice2,BidVolume2,AskPrice2,AskVolume2,BidPrice3,BidVolume3,AskPrice3,AskVolume3,UpperLimitPrice,LowerLimitPrice,PreCloseIOPV,IOPV
0,20241022,600028,1,中国石化,6.55,6.55,21067900,138582837.0,0,6.61,6.6000000000000005,668400,6.61,202600,6.59,594500,6.62,2228000,6.58,486200,6.63,1284700,7.21,5.9,0.0,0.0
1,20241022,600030,1,中信证券,27.46,27.48,38431900,1061425795.0,0,27.62,27.62,16800,27.650000000000002,53900,27.61,20100,27.66,70400,27.6,246400,27.67,25300,30.21,24.71,0.0,0.0
2,20241022,600031,1,三一重工,17.76,17.75,16147100,287094304.0,0,17.73,17.72,4000,17.73,36800,17.71,8400,17.740000000000002,17900,17.7,116400,17.75,29800,19.54,15.98,0.0,0.0
3,20241022,600036,1,招商银行,38.85,38.84,14903500,584121824.0,0,38.97,38.96,4100,38.97,1300,38.95,10900,38.980000000000004,2000,38.94,7000,38.99,1100,42.74,34.97,0.0,0.0
4,20241022,600048,1,保利发展,10.76,10.700000000000001,29018900,313434392.0,0,10.83,10.82,296500,10.83,113000,10.81,36500,10.84,186100,10.8,71500,10.85,399200,11.84,9.68,0.0,0.0
5,20241022,600050,1,中国联通,5.16,5.15,46650800,238428010.0,0,5.15,5.14,94400,5.15,1881300,5.13,1204600,5.16,2464200,5.12,455600,5.17,2236000,5.68,4.64,0.0,0.0
6,20241022,600089,1,特变电工,13.18,13.18,12362200,162407326.0,0,13.18,13.17,14500,13.18,237200,13.16,84400,13.19,190400,13.15,127900,13.200000000000001,318300,14.5,11.86,0.0,0.0
7,20241022,600104,1,上汽集团,12.94,12.9,9859500,129419702.0,0,13.14,13.13,4400,13.14,59200,13.120000000000001,14900,13.15,107300,13.11,45600,13.16,134700,14.23,11.65,0.0,0.0
8,20241022,600150,1,中国船舶,39.07,39.08,15743200,611647145.0,0,38.88,38.86,1700,38.88,600,38.85,3000,38.89,700,38.84,5700,38.9,32000,42.980000000000004,35.160000000000004,0.0,0.0
9,20241022,600276,1,恒瑞医药,50.56,50.21,11460600,586696834.0,0,50.94,50.93,3200,50.94,800,50.92,3700,50.95,4500,50.910000000000004,2500,50.96,1300,55.620000000000005,45.5,0.0,0.0
10,20241022,600309,1,万华化学,78.19,78.28,10312300,818997504.0,0,79.66,79.65,3900,79.7,12100,79.64,2000,79.71000000000001,1900,79.63,300,79.72,1400,86.01,70.37,0.0,0.0
11,20241022,600406,1,国电南瑞,25.89,25.900000000000002,11438300,304165944.0,0,26.72,26.72,4200,26.73,10500,26.71,3400,26.740000000000002,16000,26.7,14800,26.75,16000,28.48,23.3,0.0,0.0
12,20241022,600436,1,XD片仔癀,240.85,242.02,1726500,414255644.0,0,239.35,239.32,400,239.35,200,239.31,1100,239.45000000000002,500,239.3,1100,239.54,600,264.94,216.77,0.0,0.0
13,20241022,600438,1,通威股份,21.65,21.7,13538300,288369639.0,0,21.41,21.400000000000002,9200,21.41,1200,21.39,5200,21.42,12200,21.38,15000,21.43,1200,23.82,19.490000000000002,0.0,0.0
14,20241022,600519,1,贵州茅台,1528.8,1526.56,2110200,3267272153.0,0,1546.5,1546.25,300,1546.79,1600,1546.17,200,1546.99,400,1546.16,200,1547.0,1100,1681.68,1375.92,0.0,0.0
15,20241022,600690,1,海尔智家,31.16,31.2,16844000,546390899.0,0,32.35,32.34,2200,32.35,4000,32.33,100,32.36,58100,32.32,3800,32.37,65800,34.28,28.04,0.0,0.0
16,20241022,600809,1,山西汾酒,193.14,192.4,4542900,886228532.0,0,196.17000000000002,196.17000000000002,300,196.20000000000002,300,196.07,800,196.22,500,196.06,200,196.23000000000002,500,212.45000000000002,173.83,0.0,0.0
17,20241022,600887,1,伊利股份,26.21,26.17,16387900,436157399.0,0,26.53,26.53,1200,26.54,4500,26.52,800,26.55,12300,26.51,7600,26.560000000000002,9500,28.830000000000002,23.59,0.0,0.0
18,20241022,600900,1,长江电力,27.96,27.96,23444500,659405077.0,0,28.03,28.03,2300,28.04,3100,28.02,103000,28.05,99000,28.01,160000,28.060000000000002,54100,30.76,25.16,0.0,0.0
19,20241022,600941,1,中国移动,106.3,105.43,4823900,505590361.0,0,104.76,104.72,300,104.76,200,104.71000000000001,2700,104.77,2100,104.66,200,104.78,2000,116.93,95.67,0.0,0.0
20,20241022,601012,1,隆基绿能,17.51,17.3,28362500,485012148.0,0,17.240000000000002,17.240000000000002,6200,17.25,117800,17.23,34900,17.26,30000,17.22,73800,17.27,71700,19.26,15.76,0.0,0.0
21,20241022,601088,1,中国神华,41.32,41.33,6632500,274835789.0,0,41.5,41.49,5400,41.5,1800,41.480000000000004,2300,41.51,5200,41.47,3600,41.52,26000,45.45,37.19,0.0,0.0
22,20241022,601166,1,兴业银行,19.23,19.13,13365700,257140504.0,0,19.12,19.11,8000,19.12,700,19.1,19600,19.13,45200,19.09,79400,19.14,25600,21.150000000000002,17.31,0.0,0.0
23,20241022,601225,1,陕西煤业,25.0,24.97,9778800,246773818.0,0,25.38,25.35,1600,25.38,13500,25.34,4400,25.39,2700,25.330000000000002,10900,25.400000000000002,3900,27.5,22.5,0.0,0.0
24,20241022,601288,1,农业银行,4.84,4.84,106447000,516174027.0,0,4.83,4.83,3804400,4.84,8177100,4.82,19557400,4.8500000000000005,8163700,4.8100000000000005,19967000,4.86,10410200,5.32,4.36,0.0,0.0
25,20241022,601318,1,中国平安,56.9,56.800000000000004,27874500,1595150031.0,0,56.9,56.89,300,56.9,3700,56.88,36800,56.910000000000004,2600,56.870000000000005,10900,56.92,5500,62.59,51.21,0.0,0.0
26,20241022,601328,1,交通银行,7.33,7.3500000000000005,19966600,147256367.0,0,7.37,7.36,7600,7.37,207500,7.3500000000000005,487400,7.38,618100,7.34,177400,7.390000000000001,486600,8.06,6.6000000000000005,0.0,0.0
27,20241022,601390,1,中国中铁,6.68,6.65,16736300,110928553.0,0,6.62,6.62,5100,6.63,166300,6.61,160000,6.640000000000001,226300,6.6000000000000005,207400,6.65,500600,7.3500000000000005,6.01,0.0,0.0
28,20241022,601398,1,工商银行,6.16,6.17,55114100,339068377.0,0,6.140000000000001,6.13,851900,6.140000000000001,2282300,6.12,7357000,6.15,3312900,6.11,11254700,6.16,3109000,6.78,5.54,0.0,0.0
29,20241022,601601,1,中国太保,38.15,38.2,14342800,554344824.0,0,38.33,38.32,1100,38.34,800,38.31,3800,38.35,6100,38.300000000000004,33500,38.36,600,41.97,34.34,0.0,0.0
30,20241022,601628,1,中国人寿,43.76,43.76,6152300,271104089.0,0,43.61,43.59,3200,43.62,2300,43.57,200,43.65,1300,43.56,200,43.660000000000004,200,48.14,39.38,0.0,0.0
31,20241022,601633,1,长城汽车,26.65,26.650000000000002,13056600,356210737.0,0,27.53,27.52,1800,27.53,1400,27.51,9100,27.54,64600,27.5,19200,27.55,4100,29.32,23.990000000000002,0.0,0.0
32,20241022,601658,1,邮储银行,5.54,5.51,29813400,165133762.0,0,5.5600000000000005,5.55,299600,5.5600000000000005,232800,5.54,509500,5.57,1204400,5.53,589200,5.58,1573500,6.09,4.99,0.0,0.0
33,20241022,601668,1,中国建筑,6.5,6.43,56230600,361311932.0,0,6.390000000000001,6.38,335800,6.390000000000001,153500,6.37,1328100,6.4,1126100,6.36,3179900,6.41,927300,7.15,5.8500000000000005,0.0,0.0
34,20241022,601669,1,中国电建,5.56,5.54,23735300,132105825.0,0,5.5600000000000005,5.55,1095500,5.5600000000000005,167000,5.54,2331800,5.57,1657000,5.53,1658700,5.58,1682800,6.12,5.0,0.0,0.0
35,20241022,601728,1,中国电信,6.66,6.59,32062100,211295791.0,0,6.65,6.640000000000001,62900,6.65,45700,6.63,95000,6.66,163900,6.62,149800,6.67,327700,7.33,5.99,0.0,0.0
36,20241022,601857,1,中国石油,8.46,8.46,31323400,265595274.0,0,8.49,8.48,426200,8.49,120500,8.47,712400,8.5,666600,8.46,627300,8.51,2262200,9.31,7.61,0.0,0.0
37,20241022,601888,1,中国中免,68.19,67.77,9748600,671123877.0,0,69.03,69.02,12300,69.04,300,69.0,24900,69.06,9800,68.99,1000,69.08,2400,75.01,61.370000000000005,0.0,0.0
38,20241022,601899,1,紫金矿业,18.22,18.13,31654600,571764351.0,0,18.01,18.0,41600,18.01,18500,17.990000000000002,19100,18.02,42700,17.98,117600,18.03,44100,20.04,16.4,0.0,0.0
39,20241022,601919,1,中远海控,14.52,14.530000000000001,25915900,381391687.0,0,14.85,14.85,143200,14.86,25200,14.84,108700,14.870000000000001,90300,14.83,10100,14.88,202000,15.97,13.07,0.0,0.0
40,20241022,601985,1,中国核电,10.33,10.32,40002900,420106469.0,0,10.63,10.63,100300,10.64,592100,10.620000000000001,864700,10.65,1519800,10.61,974500,10.66,1025800,11.36,9.3,0.0,0.0
41,20241022,601988,1,中国银行,4.95,4.95,16757700,83048770.0,0,4.93,4.92,6805000,4.93,1651200,4.91,6100500,4.94,2283100,4.9,11535100,4.95,2410100,5.45,4.46,0.0,0.0
42,20241022,603259,1,药明康德,50.36,50.21,16139200,818872859.0,0,50.870000000000005,50.86,12700,50.870000000000005,8800,50.85,4400,50.88,12900,50.84,600,50.89,7600,55.4,45.32,0.0,0.0
43,20241022,603288,1,海天味业,43.19,43.18,4771400,207260430.0,0,43.43,43.43,200,43.44,5800,43.410000000000004,4700,43.45,300,43.4,2600,43.46,2400,47.51,38.87,0.0,0.0
44,20241022,603501,1,韦尔股份,113.68,113.5,7608000,862814896.0,0,114.13,114.12,1400,114.14,300,114.11,16900,114.15,200,114.10000000000001,1800,114.18,800,125.05,102.31,0.0,0.0
45,20241022,603986,1,兆易创新,89.92,88.83,9126100,809559645.0,0,89.28,89.28,1600,89.32000000000001,1900,89.26,700,89.34,1200,89.25,14900,89.35000000000001,900,98.91,80.93,0.0,0.0
46,20241022,688012,1,中微公司,187.13,185.0,5573400,1028711207.0,0,185.6,185.21,600,185.6,200,185.20000000000002,3200,185.64000000000001,300,185.17000000000002,300,185.65,3000,224.56,149.70000000000002,0.0,0.0
47,20241022,688041,1,海光信息,131.3,128.0,10627000,1371665374.0,0,130.08,130.06,500,130.07,100,130.01,500,130.08,1200,130.0,6900,130.18,900,157.56,105.04,0.0,0.0
48,20241022,688111,1,金山办公,278.0,274.5,3640600,975553967.0,0,270.7,270.7,900,270.98,800,270.29,700,270.99,1600,270.28000000000003,800,271.0,3000,333.6,222.4,0.0,0.0
49,20241022,688981,1,中芯国际,97.48,94.99,35454165,3414152103.1500015,0,95.79,95.89,200,95.94,100,95.81,300,95.95,200,95.8,500,95.97,5900,116.98,77.98,0.0,0.0
50,20241022,600060,1,海信视像,18.67,18.68,7955300,152108908.0,0,19.36,19.35,6300,19.36,800,19.34,3400,19.37,10300,19.330000000000002,2700,19.38,54900,20.54,16.8,0.0,0.0
51,20241022,600062,1,华润双鹤,23.8,23.82,3533000,85414375.0,0,24.22,24.19,3800,24.22,3500,24.18,27800,24.25,3400,24.16,6600,24.26,2700,26.18,21.42,0.0,0.0
52,20241022,600079,1,人福医药,22.85,22.85,5828600,133079108.0,0,22.86,22.86,5100,22.88,2000,22.85,2300,22.89,7900,22.830000000000002,11200,22.900000000000002,102000,25.14,20.57,0.0,0.0
53,20241022,600085,1,同仁堂  ,39.22,39.2,7082100,279773797.0,0,39.69,39.68,5800,39.69,1200,39.67,800,39.7,4500,39.660000000000004,1000,39.71,2000,43.14,35.300000000000004,0.0,0.0
54,20241022,600129,1,太极集团,24.97,24.73,10470300,265038615.0,0,26.02,26.0,11000,26.02,3800,25.990000000000002,12500,26.03,1900,25.98,15500,26.04,10400,27.47,22.47,0.0,0.0
55,20241022,600132,1,重庆啤酒,60.03,60.0,2690900,163102662.0,0,60.57,60.57,400,60.6,3100,60.56,600,60.63,1700,60.550000000000004,6600,60.64,1800,66.03,54.03,0.0,0.0
56,20241022,600161,1,天坛生物,21.89,22.01,8555700,189570883.0,0,22.18,22.17,2900,22.18,14900,22.16,11900,22.19,24600,22.150000000000002,11500,22.2,80400,24.080000000000002,19.7,0.0,0.0
57,20241022,600196,1,复星医药,25.42,25.25,7387700,189477875.0,0,25.740000000000002,25.73,16700,25.740000000000002,900,25.72,5500,25.75,26600,25.71,1000,25.76,39200,27.96,22.88,0.0,0.0
58,20241022,600258,1,首旅酒店,13.86,13.870000000000001,4673800,64228093.0,0,13.74,13.73,100,13.74,3500,13.72,7000,13.75,10900,13.71,12600,13.76,12100,15.25,12.47,0.0,0.0
59,20241022,600298,1,安琪酵母,35.94,35.95,3744800,135734814.0,0,36.11,36.1,1800,36.11,7500,36.09,1100,36.12,500,36.08,6600,36.13,1100,39.53,32.35,0.0,0.0
60,20241022,600329,1,达仁堂  ,35.0,35.02,2166900,76215851.0,0,35.300000000000004,35.28,300,35.300000000000004,2700,35.25,700,35.31,400,35.24,800,35.32,1700,38.5,31.5,0.0,0.0
61,20241022,600332,1,白云山  ,28.67,28.67,4163100,120239167.0,0,28.84,28.82,5100,28.84,5100,28.810000000000002,900,28.85,6000,28.8,16400,28.86,2000,31.54,25.8,0.0,0.0
62,20241022,600380,1,健康元  ,10.88,10.86,5763800,63210837.0,0,10.950000000000001,10.950000000000001,1000,10.96,10100,10.94,10200,10.97,5800,10.93,22000,10.98,13500,11.97,9.790000000000001,0.0,0.0
63,20241022,600398,1,海澜之家,6.16,6.17,18347700,114692500.0,0,6.34,6.34,27000,6.3500000000000005,768900,6.33,93600,6.36,573100,6.32,50600,6.37,381700,6.78,5.54,0.0,0.0
64,20241022,600511,1,国药股份,32.65,32.62,2259800,74632758.0,0,33.07,33.05,1100,33.07,2200,33.03,1500,33.08,700,33.02,1900,33.09,2100,35.92,29.39,0.0,0.0
65,20241022,600529,1,山东药玻,27.23,27.1,4301300,118538868.0,0,27.830000000000002,27.82,100,27.830000000000002,4000,27.810000000000002,3200,27.84,5400,27.8,25400,27.85,14700,29.95,24.51,0.0,0.0
66,20241022,600535,1,天士力  ,15.35,15.370000000000001,5933700,91888678.0,0,15.52,15.51,2000,15.52,20800,15.5,16400,15.530000000000001,27800,15.49,43300,15.540000000000001,23000,16.89,13.82,0.0,0.0
67,20241022,600559,1,老白干酒,20.83,20.8,12738800,267419503.0,0,21.03,21.03,10800,21.04,1500,21.02,37000,21.05,13800,21.01,18200,21.06,19300,22.91,18.75,0.0,0.0
68,20241022,600566,1,济川药业,29.9,29.830000000000002,4229300,129396631.0,0,30.86,30.86,2200,30.89,600,30.85,9700,30.900000000000002,500,30.84,1200,30.91,400,32.89,26.91,0.0,0.0
69,20241022,600572,1,康恩贝  ,4.57,4.58,11769000,54433641.0,0,4.61,4.61,207900,4.62,243300,4.6000000000000005,640700,4.63,275600,4.59,281900,4.64,281500,5.03,4.11,0.0,0.0
70,20241022,600598,1,北大荒  ,14.15,14.16,6429800,91957190.0,0,14.32,14.32,1100,14.33,5400,14.31,11600,14.34,1400,14.3,221900,14.35,32500,15.57,12.74,0.0,0.0
71,20241022,600600,1,青岛啤酒,68.71,68.1,3543700,245385282.0,0,69.19,69.19,500,69.2,400,69.18,3400,69.21000000000001,400,69.17,100,69.22,300,75.58,61.84,0.0,0.0
72,20241022,600660,1,福耀玻璃,58.69,58.65,8319800,504367329.0,0,61.14,61.13,200,61.14,500,61.120000000000005,500,61.15,400,61.09,1900,61.160000000000004,1400,64.56,52.82,0.0,0.0
73,20241022,600699,1,均胜电子,16.61,16.69,8261500,137818420.0,0,16.75,16.75,17700,16.76,2300,16.740000000000002,5500,16.77,29000,16.73,6400,16.78,62700,18.27,14.950000000000001,0.0,0.0
74,20241022,600702,1,舍得酒业,64.81,64.89,9258400,623403928.0,0,67.86,67.86,3400,67.87,100,67.85,200,67.88,2900,67.84,7000,67.9,3500,71.29,58.33,0.0,0.0
75,20241022,600737,1,中粮糖业,10.51,10.51,10379400,109287333.0,0,10.540000000000001,10.540000000000001,11100,10.55,5300,10.53,137600,10.56,176500,10.52,27200,10.57,82600,11.56,9.46,0.0,0.0
76,20241022,600741,1,华域汽车,15.9,15.9,7130300,114325028.0,0,16.04,16.04,7700,16.05,13100,16.03,13500,16.06,6400,16.02,18600,16.07,6300,17.490000000000002,14.31,0.0,0.0
77,20241022,600750,1,江中药业,22.4,22.56,5233200,119580992.0,0,23.06,23.05,3900,23.07,7700,23.04,200,23.080000000000002,11300,23.03,1400,23.09,11500,24.64,20.16,0.0,0.0
78,20241022,600754,1,锦江酒店,29.75,29.59,5413500,158412590.0,0,29.080000000000002,29.07,500,29.080000000000002,300,29.060000000000002,2800,29.1,25500,29.05,3900,29.11,20100,32.730000000000004,26.78,0.0,0.0
79,20241022,600763,1,通策医疗,51.49,51.0,4583100,237746704.0,0,52.18,52.160000000000004,1600,52.17,1100,52.13,100,52.18,800,52.120000000000005,200,52.19,2900,56.64,46.34,0.0,0.0
80,20241022,600779,1,水井坊  ,41.55,41.42,3109900,130641798.0,0,42.0,41.99,400,42.0,300,41.96,1400,42.01,200,41.95,300,42.050000000000004,1200,45.71,37.4,0.0,0.0
81,20241022,600839,1,四川长虹,8.92,9.81,37800,370818.0,0,9.81,9.81,332860800,0.0,0,9.8,4755900,0.0,0,9.790000000000001,768200,0.0,0,9.81,8.03,0.0,0.0
82,20241022,600859,1,王府井  ,14.3,14.21,11637100,167062159.0,0,14.57,14.55,72400,14.57,7500,14.540000000000001,48100,14.58,800,14.530000000000001,32200,14.59,800,15.73,12.870000000000001,0.0,0.0
83,20241022,600867,1,通化东宝,7.98,8.03,7145000,57885989.0,0,8.17,8.16,131100,8.17,10500,8.15,74200,8.18,276900,8.14,32500,8.19,214000,8.78,7.18,0.0,0.0
84,20241022,600872,1,中炬高新,21.29,21.2,8065400,176167546.0,0,22.03,22.03,1000,22.06,3000,22.01,23800,22.07,32400,21.98,4200,22.080000000000002,28300,23.42,19.16,0.0,0.0
85,20241022,600998,1,九州通  ,5.17,5.16,7246500,37549159.0,0,5.18,5.17,22400,5.18,31100,5.16,206700,5.19,249300,5.15,735900,5.2,423400,5.69,4.65,0.0,0.0
86,20241022,601058,1,赛轮轮胎,13.55,13.63,14001500,191838799.0,0,13.780000000000001,13.77,800,13.780000000000001,7900,13.76,14300,13.790000000000001,17600,13.75,3700,13.8,45700,14.91,12.200000000000001,0.0,0.0
87,20241022,601238,1,广汽集团,8.0,8.0,9625800,77940505.0,0,8.14,8.13,343000,8.14,262700,8.120000000000001,130300,8.15,554000,8.11,227600,8.16,279900,8.8,7.2,0.0,0.0
88,20241022,601607,1,上海医药,20.47,20.47,6876700,142927545.0,0,20.740000000000002,20.73,7000,20.740000000000002,2300,20.72,20300,20.75,74000,20.71,12200,20.76,60600,22.52,18.42,0.0,0.0
89,20241022,601689,1,拓普集团,43.94,43.9,8911400,395239168.0,0,45.59,45.58,200,45.59,300,45.57,7200,45.6,2900,45.550000000000004,600,45.61,2800,48.33,39.550000000000004,0.0,0.0
90,20241022,601799,1,星宇股份,149.0,148.44,632300,94986027.0,0,150.8,150.61,200,150.8,200,150.6,200,150.85,100,150.59,400,150.88,300,163.9,134.1,0.0,0.0
91,20241022,601966,1,玲珑轮胎,19.5,19.490000000000002,7165200,139643053.0,0,19.51,19.5,8400,19.51,2800,19.490000000000002,18100,19.52,45600,19.48,3700,19.53,39900,21.45,17.55,0.0,0.0
92,20241022,603027,1,千禾味业,12.49,12.48,5503300,68994580.0,0,12.620000000000001,12.620000000000001,900,12.63,56400,12.61,50400,12.64,71600,12.6,2600,12.65,56400,13.74,11.24,0.0,0.0
93,20241022,603087,1,甘李药业,49.45,49.9,4433100,221072938.0,0,50.11,50.11,1400,50.120000000000005,4400,50.1,2500,50.13,900,50.09,1000,50.14,2700,54.4,44.51,0.0,0.0
94,20241022,603127,1,昭衍新药,17.12,17.0,5572400,95637489.0,0,17.31,17.3,2000,17.31,9500,17.28,3500,17.32,19200,17.27,2000,17.330000000000002,33500,18.830000000000002,15.41,0.0,0.0
95,20241022,603195,1,公牛集团,72.84,72.84,2112600,155742292.0,0,73.71000000000001,73.7,1600,73.71000000000001,400,73.67,400,73.72,1700,73.66,1900,73.74,600,80.12,65.56,0.0,0.0
96,20241022,603198,1,迎驾贡酒,63.09,63.1,3160300,202378752.0,0,63.84,63.84,500,63.870000000000005,500,63.79,300,63.88,300,63.78,400,63.9,500,69.4,56.78,0.0,0.0
97,20241022,603233,1,大参林  ,14.85,14.77,3323300,49658632.0,0,15.09,15.08,4100,15.1,13300,15.07,600,15.11,9300,15.06,9700,15.120000000000001,13200,16.34,13.370000000000001,0.0,0.0
98,20241022,603305,1,旭升集团,9.87,9.88,5746900,57434321.0,0,10.16,10.15,2000,10.16,10200,10.14,37200,10.17,10600,10.13,8400,10.18,23200,10.86,8.88,0.0,0.0
99,20241022,603345,1,安井食品,86.45,86.43,3661700,316947051.0,0,86.79,86.79,200,86.81,300,86.77,5700,86.82000000000001,300,86.76,500,86.83,600,95.10000000000001,77.81,0.0,0.0
100,20241022,603369,1,今世缘  ,45.93,45.800000000000004,4121500,191732040.0,0,46.67,46.65,3000,46.67,700,46.63,900,46.68,900,46.6,800,46.69,500,50.52,41.34,0.0,0.0
101,20241022,603392,1,万泰生物,71.8,72.34,2593900,188415343.0,0,73.5,73.49,1000,73.5,13500,73.46000000000001,200,73.52,1500,73.45,900,73.53,800,78.98,64.62,0.0,0.0
102,20241022,603456,1,九洲药业,15.24,15.24,5347300,81678913.0,0,15.290000000000001,15.290000000000001,11600,15.3,2700,15.280000000000001,12400,15.31,4400,15.27,12600,15.32,22900,16.76,13.72,0.0,0.0
103,20241022,603486,1,科沃斯  ,53.05,52.52,3849700,202318834.0,0,52.56,52.54,600,52.56,1400,52.53,200,52.57,5000,52.52,1300,52.7,400,58.36,47.75,0.0,0.0
104,20241022,603529,1,爱玛科技,34.36,33.97,2384800,83322608.0,0,35.44,35.410000000000004,400,35.44,1000,35.4,300,35.45,4400,35.38,1700,35.46,300,37.800000000000004,30.92,0.0,0.0
105,20241022,603589,1,口子窖  ,42.4,42.4,3849900,163766451.0,0,42.65,42.64,500,42.65,1100,42.62,800,42.660000000000004,3000,42.61,500,42.67,1600,46.64,38.160000000000004,0.0,0.0
106,20241022,603596,1,伯特利  ,47.51,47.52,4157100,202780591.0,0,49.57,49.57,300,49.58,1300,49.550000000000004,14700,49.59,4300,49.54,1400,49.6,3600,52.26,42.76,0.0,0.0
107,20241022,603605,1,珀莱雅  ,97.12,96.67,2275500,224619089.0,0,98.88,98.87,100,98.92,200,98.86,100,98.93,200,98.85000000000001,6100,98.94,300,106.83,87.41,0.0,0.0
108,20241022,603658,1,安图生物,43.24,43.300000000000004,1896000,82735740.0,0,43.82,43.82,500,43.84,1100,43.81,1300,43.85,4100,43.800000000000004,300,43.86,600,47.56,38.92,0.0,0.0
109,20241022,603816,1,顾家家居,30.79,30.8,7036700,224944822.0,0,32.27,32.27,500,32.28,1400,32.25,3500,32.3,1400,32.230000000000004,900,32.32,13800,33.87,27.71,0.0,0.0
110,20241022,603833,1,欧派家居,58.65,57.95,3499300,215326075.0,0,62.43,62.42,400,62.43,500,62.4,4500,62.440000000000005,700,62.39,600,62.45,700,64.52,52.79,0.0,0.0
111,20241022,603882,1,金域医学,36.91,36.78,3820700,142994488.0,0,38.2,38.2,2900,38.25,900,38.18,300,38.27,4700,38.15,1200,38.29,600,40.6,33.22,0.0,0.0
112,20241022,603939,1,益丰药房,23.34,23.5,5171800,123087165.0,0,24.23,24.2,1000,24.23,1500,24.19,400,24.240000000000002,2200,24.18,12200,24.25,1400,25.67,21.01,0.0,0.0
113,20241022,605499,1,东鹏饮料,221.4,222.31,1198230,263476474.2,0,221.41,221.28,500,221.41,500,221.27,400,221.44,300,221.26,300,221.67000000000002,200,243.54,199.26,0.0,0.0
114,20241022,688169,1,石头科技,276.0,278.63,2134600,582512910.0,0,273.27,273.27,700,273.33,1600,273.2,2300,273.34000000000003,2200,273.13,1500,273.38,800,331.2,220.8,0.0,0.0
115,20241022,688180,1,君实生物,32.47,32.15,2883598,92411571.7,0,32.22,32.19,500,32.22,1300,32.18,2100,32.230000000000004,20300,32.160000000000004,1600,32.25,500,38.96,25.98,0.0,0.0
116,20241022,688271,1,联影医疗,116.3,116.49000000000001,3222100,376610084.0,0,117.49000000000001,117.36,3500,117.49000000000001,1300,117.31,400,117.5,400,117.29,1500,117.53,4900,139.56,93.04,0.0,0.0
117,20241022,688363,1,华熙生物,61.1,60.74,2750300,166778823.0,0,61.06,61.04,300,61.06,900,61.03,5600,61.07,1600,61.02,800,61.1,200,73.32000000000001,48.88,0.0,0.0
118,20241022,689009,1,九号公司,47.66,47.69,3050600,144297442.0,0,47.29,47.26,400,47.29,100,47.25,1500,47.300000000000004,1200,47.24,2100,47.31,700,57.19,38.13,0.0,0.0
119,20241022,600000,1,浦发银行,10.16,10.16,8600300,86962553.0,0,10.06,10.05,95700,10.06,2700,10.040000000000001,22200,10.07,5100,10.03,131300,10.08,21600,11.18,9.14,0.0,0.0
120,20241022,600015,1,华夏银行,7.28,7.25,8487200,61548107.0,0,7.23,7.23,31800,7.24,89500,7.22,203400,7.25,81200,7.21,582600,7.26,212200,8.01,6.55,0.0,0.0
121,20241022,600018,1,上港集团,6.15,6.17,6289100,38907219.0,0,6.2,6.19,34300,6.2,227100,6.18,49500,6.21,369100,6.17,108300,6.22,254300,6.7700000000000005,5.54,0.0,0.0
122,20241022,600019,1,宝钢股份,6.52,6.5,17170600,112073625.0,0,6.57,6.5600000000000005,424700,6.57,5900,6.55,251500,6.58,812500,6.54,137400,6.59,896200,7.17,5.87,0.0,0.0
123,20241022,600020,1,中原高速,4.0,3.98,8081900,32089840.0,0,3.97,3.97,117900,3.98,380300,3.96,523800,3.99,485700,3.95,1067900,4.0,722900,4.4,3.6,0.0,0.0
124,20241022,600025,1,华能水电,10.24,10.24,11225000,116574258.0,0,10.41,10.4,27300,10.41,12800,10.39,20100,10.42,20800,10.38,69200,10.43,191600,11.26,9.22,0.0,0.0
125,20241022,600033,1,福建高速,3.42,3.43,7190600,24744891.0,0,3.44,3.44,472900,3.45,1039400,3.43,499200,3.46,1075800,3.42,1141000,3.47,987300,3.7600000000000002,3.08,0.0,0.0
126,20241022,600039,1,四川路桥,7.9,7.9,26829100,215755114.0,0,8.07,8.06,12300,8.07,14100,8.05,198800,8.08,177200,8.040000000000001,19700,8.09,61900,8.69,7.11,0.0,0.0
127,20241022,600061,1,国投资本,7.56,7.55,12924900,97291291.0,0,7.53,7.53,51800,7.54,36700,7.5200000000000005,111100,7.55,825400,7.51,243600,7.5600000000000005,262500,8.32,6.8,0.0,0.0
128,20241022,600066,1,宇通客车,24.66,24.82,10002700,249812958.0,0,25.17,25.16,2800,25.17,100,25.150000000000002,1800,25.18,3100,25.14,11300,25.19,3800,27.13,22.19,0.0,0.0
129,20241022,600073,1,光明肉业,6.47,6.46,3818800,24838917.0,0,6.51,6.5,60000,6.51,39400,6.49,66900,6.5200000000000005,49900,6.48,102500,6.53,101500,7.12,5.82,0.0,0.0
130,20241022,600096,1,云天化  ,22.93,23.0,10358800,238025453.0,0,22.98,22.97,4800,22.98,3800,22.96,4900,22.990000000000002,31300,22.95,25600,23.0,114200,25.22,20.64,0.0,0.0
131,20241022,600109,1,国金证券,9.0,9.0,11778900,105962220.0,0,9.02,9.01,3500,9.02,114000,9.0,224600,9.03,253700,8.99,220000,9.040000000000001,167500,9.9,8.1,0.0,0.0
132,20241022,600110,1,诺德股份,3.55,3.5500000000000003,6829500,24319758.0,0,3.6,3.59,109100,3.6,162700,3.58,204200,3.61,381200,3.5700000000000003,290600,3.62,325000,3.91,3.2,0.0,0.0
133,20241022,600116,1,三峡水利,7.35,7.33,2005700,14786829.0,0,7.38,7.38,2000,7.390000000000001,208600,7.37,95900,7.4,205400,7.36,214200,7.41,115200,8.09,6.62,0.0,0.0
134,20241022,600123,1,兰花科创,8.92,8.88,3753000,33386991.0,0,8.92,8.92,90400,8.93,18000,8.91,25600,8.94,171700,8.9,26600,8.950000000000001,180500,9.81,8.03,0.0,0.0
135,20241022,600125,1,铁龙物流,5.9,5.89,4300900,25440711.0,0,5.95,5.95,53300,5.96,32200,5.94,79800,5.97,167000,5.93,136500,5.98,175400,6.49,5.3100000000000005,0.0,0.0
136,20241022,600143,1,金发科技,7.97,7.94,4876200,39081518.0,0,8.06,8.05,61400,8.06,157200,8.040000000000001,54700,8.07,139600,8.03,45000,8.08,206100,8.77,7.17,0.0,0.0
137,20241022,600155,1,华创云信,7.6,7.59,11368100,86126256.0,0,7.62,7.61,11600,7.62,134900,7.6000000000000005,97900,7.63,205500,7.59,39400,7.640000000000001,50600,8.36,6.84,0.0,0.0
138,20241022,600158,1,中体产业,7.6,7.62,4580300,35032710.0,0,7.71,7.7,16500,7.71,63900,7.69,20700,7.72,170600,7.68,35500,7.73,104600,8.36,6.84,0.0,0.0
139,20241022,600177,1,雅戈尔  ,7.54,7.58,6419500,48468504.0,0,7.58,7.57,26700,7.58,5200,7.5600000000000005,23400,7.59,230800,7.55,4400,7.6000000000000005,209300,8.290000000000001,6.79,0.0,0.0
140,20241022,600183,1,生益科技,19.79,19.96,10436600,205791712.0,0,19.95,19.94,10400,19.95,1800,19.93,21000,19.96,10700,19.92,10800,19.97,5900,21.77,17.81,0.0,0.0
141,20241022,600184,1,光电股份,11.06,11.07,6495800,69743013.0,0,10.790000000000001,10.790000000000001,5600,10.8,34900,10.78,10700,10.81,600,10.77,9900,10.82,2200,12.17,9.950000000000001,0.0,0.0
142,20241022,600201,1,生物股份,6.46,6.43,7192300,46942417.0,0,6.59,6.58,35100,6.59,176800,6.57,29400,6.6000000000000005,226800,6.5600000000000005,557500,6.61,108400,7.11,5.8100000000000005,0.0,0.0
143,20241022,600206,1,有研新材,11.35,11.3,6085800,68189994.0,0,11.290000000000001,11.28,3500,11.290000000000001,49700,11.27,4300,11.3,113900,11.26,25600,11.31,23100,12.49,10.22,0.0,0.0
144,20241022,600215,1,派斯林  ,6.03,6.03,3987000,24252992.0,0,6.18,6.17,5400,6.18,62800,6.16,22900,6.19,47400,6.15,19700,6.2,83600,6.63,5.43,0.0,0.0
145,20241022,600219,1,南山铝业,4.17,4.18,27368300,114748084.0,0,4.18,4.18,590700,4.19,431100,4.17,1268600,4.2,872000,4.16,1032300,4.21,1524900,4.59,3.75,0.0,0.0
146,20241022,600233,1,圆通速递,17.19,17.2,7816600,135080264.0,0,17.2,17.18,900,17.2,2000,17.17,2700,17.22,7500,17.16,1700,17.23,5600,18.91,15.47,0.0,0.0
147,20241022,600236,1,XD桂冠电,6.11,6.13,8009800,49448035.0,0,6.23,6.22,89100,6.23,367400,6.21,52500,6.24,438300,6.2,136500,6.25,330400,6.72,5.5,0.0,0.0
148,20241022,600237,1,铜峰电子,6.42,6.36,24871000,165184242.0,0,6.83,6.83,38900,6.84,69100,6.82,34600,6.8500000000000005,60800,6.8100000000000005,67700,6.86,18500,7.0600000000000005,5.78,0.0,0.0
149,20241022,600256,1,广汇能源,8.12,8.15,33049900,274761532.0,0,8.35,8.34,310700,8.35,7500,8.33,103100,8.36,248700,8.32,108200,8.370000000000001,196600,8.93,7.3100000000000005,0.0,0.0
150,20241022,600268,1,国电南自,6.51,6.49,8006200,52870420.0,0,6.67,6.66,39000,6.67,220600,6.65,175100,6.68,285500,6.640000000000001,22000,6.69,162200,7.16,5.86,0.0,0.0
151,20241022,600273,1,嘉化能源,7.85,7.8500000000000005,4711300,36506267.0,0,7.74,7.74,1400,7.75,83700,7.73,132500,7.76,138000,7.72,154900,7.7700000000000005,41600,8.64,7.07,0.0,0.0
152,20241022,600284,1,浦东建设,5.82,5.8,1628800,9482788.0,0,5.82,5.82,175600,5.83,232200,5.8100000000000005,110100,5.84,193700,5.8,275800,5.8500000000000005,182200,6.4,5.24,0.0,0.0
153,20241022,600285,1,羚锐制药,25.67,25.67,2617400,67491511.0,0,25.87,25.87,900,25.89,6100,25.86,1600,25.900000000000002,8100,25.85,2300,25.92,1300,28.240000000000002,23.1,0.0,0.0
154,20241022,600299,1,安迪苏  ,11.02,11.01,3144500,35295193.0,0,11.42,11.41,1900,11.42,2300,11.4,3200,11.43,5200,11.39,4200,11.44,4300,12.120000000000001,9.92,0.0,0.0
155,20241022,600320,1,振华重工,3.91,3.91,6441400,25128238.0,0,3.89,3.89,804300,3.9,1261400,3.88,1452900,3.91,554000,3.87,566600,3.92,339900,4.3,3.52,0.0,0.0
156,20241022,600328,1,中盐化工,8.0,7.98,5507900,43927272.0,0,8.0,7.99,36700,8.0,60300,7.98,85200,8.01,49700,7.97,87900,8.02,47800,8.8,7.2,0.0,0.0
157,20241022,600346,1,恒力石化,14.44,14.4,3808400,55220585.0,0,14.52,14.52,24300,14.530000000000001,200,14.51,29500,14.540000000000001,38100,14.5,22900,14.55,27300,15.88,13.0,0.0,0.0
158,20241022,600348,1,华阳股份,7.71,7.71,8169300,62826653.0,0,7.71,7.71,333000,7.72,333100,7.7,106400,7.73,154700,7.69,102900,7.74,118500,8.48,6.94,0.0,0.0
159,20241022,600350,1,山东高速,8.86,9.0,9410500,83736561.0,0,9.07,9.07,57100,9.08,157700,9.06,19800,9.09,160300,9.05,66600,9.1,207800,9.75,7.97,0.0,0.0
160,20241022,600352,1,浙江龙盛,9.78,9.74,4503200,44101635.0,0,9.8,9.790000000000001,31700,9.8,35600,9.78,30200,9.81,104000,9.77,72300,9.82,216800,10.76,8.8,0.0,0.0
161,20241022,600368,1,五洲交通,3.67,3.66,2898100,10667057.0,0,3.69,3.68,226400,3.69,1099600,3.67,451800,3.7,1309200,3.66,332600,3.71,434100,4.04,3.3000000000000003,0.0,0.0
162,20241022,600372,1,中航机载,12.95,12.950000000000001,9750100,125073138.0,0,12.86,12.85,21900,12.86,4700,12.84,25500,12.870000000000001,15300,12.83,33600,12.88,14000,14.25,11.66,0.0,0.0
163,20241022,600377,1,宁沪高速,12.95,12.96,4337200,56482953.0,0,13.030000000000001,13.030000000000001,13400,13.040000000000001,6600,13.02,1000,13.05,36300,13.01,10100,13.06,79000,14.25,11.66,0.0,0.0
164,20241022,600391,1,航发科技,19.24,19.25,4254600,80106469.0,0,18.87,18.86,200,18.87,10000,18.85,50200,18.88,600,18.84,5200,18.89,2600,21.16,17.32,0.0,0.0
165,20241022,600395,1,盘江股份,5.45,5.46,3085700,16807754.0,0,5.47,5.46,188700,5.47,367400,5.45,472600,5.48,277100,5.44,248400,5.49,168600,6.0,4.91,0.0,0.0
166,20241022,600415,1,小商品城,11.59,11.58,25362800,283753484.0,0,11.16,11.16,3100,11.17,62900,11.15,27900,11.18,7800,11.14,118900,11.19,7600,12.75,10.43,0.0,0.0
167,20241022,600420,1,国药现代,12.17,12.11,6389200,78333800.0,0,12.3,12.3,17900,12.31,27200,12.290000000000001,10900,12.32,40200,12.280000000000001,17700,12.33,26000,13.39,10.950000000000001,0.0,0.0
168,20241022,600428,1,中远海特,6.68,6.68,12704700,85130877.0,0,6.67,6.66,56800,6.67,37000,6.65,26900,6.68,36100,6.640000000000001,37800,6.69,45500,7.3500000000000005,6.01,0.0,0.0
169,20241022,600482,1,中国动力,22.92,22.79,7465900,167465192.0,0,22.330000000000002,22.32,1900,22.34,3300,22.31,6800,22.35,2500,22.3,26300,22.36,12500,25.21,20.63,0.0,0.0
170,20241022,600483,1,福能股份,9.29,9.27,7933500,74710690.0,0,9.48,9.47,13800,9.48,246600,9.46,32500,9.49,434000,9.450000000000001,59800,9.5,2271800,10.22,8.36,0.0,0.0
171,20241022,600489,1,中金黄金,15.13,14.92,13795600,206434247.0,0,14.950000000000001,14.94,34300,14.950000000000001,6800,14.93,24900,14.96,11200,14.92,98300,14.97,28900,16.64,13.620000000000001,0.0,0.0
172,20241022,600497,1,驰宏锌锗,5.62,5.59,18041000,101491586.0,0,5.64,5.63,180800,5.64,148600,5.62,399700,5.65,573100,5.61,615200,5.66,509700,6.18,5.0600000000000005,0.0,0.0
173,20241022,600513,1,联环药业,9.05,9.07,2099800,19285321.0,0,9.23,9.23,2500,9.24,43000,9.22,17900,9.25,47000,9.21,19700,9.26,48800,9.96,8.15,0.0,0.0
174,20241022,600516,1,方大炭素,5.09,5.09,11883700,60669143.0,0,5.13,5.13,17500,5.14,611900,5.12,286100,5.15,884400,5.11,270700,5.16,554900,5.6000000000000005,4.58,0.0,0.0
175,20241022,600521,1,华海药业,18.43,18.400000000000002,8070200,153008775.0,0,19.22,19.21,1100,19.22,33500,19.2,2400,19.23,7400,19.19,6900,19.240000000000002,39400,20.27,16.59,0.0,0.0
176,20241022,600537,1,亿晶光电,3.01,3.0100000000000002,18848300,55968927.0,0,3.0,2.99,147900,3.0,1276600,2.98,350600,3.0100000000000002,441900,2.97,351800,3.02,520500,3.31,2.71,0.0,0.0
177,20241022,600556,1,天下秀  ,4.39,4.43,15009300,67511506.0,0,4.6000000000000005,4.6000000000000005,200,4.61,173900,4.59,58900,4.62,57800,4.58,186600,4.63,48100,4.83,3.95,0.0,0.0
178,20241022,600557,1,康缘药业,14.25,14.26,4603900,66025056.0,0,14.4,14.39,15100,14.4,7800,14.38,14300,14.41,2800,14.370000000000001,8900,14.42,19400,15.68,12.83,0.0,0.0
179,20241022,600570,1,恒生电子,28.01,27.95,18649400,510379585.0,0,27.37,27.35,50300,27.37,4900,27.34,600,27.38,59700,27.32,11800,27.39,13600,30.810000000000002,25.21,0.0,0.0
180,20241022,600580,1,卧龙电驱,13.11,13.51,29751100,394475263.0,0,13.48,13.48,2100,13.49,11700,13.47,5500,13.5,64900,13.46,10600,13.51,89100,14.42,11.8,0.0,0.0
181,20241022,600585,1,海螺水泥,25.12,25.2,4770500,119696384.0,0,25.13,25.12,8900,25.13,13300,25.11,7500,25.14,6400,25.1,32600,25.150000000000002,14100,27.63,22.61,0.0,0.0
182,20241022,600590,1,泰豪科技,5.83,5.8,11728400,67512314.0,0,5.8100000000000005,5.8100000000000005,7500,5.83,22600,5.8,475800,5.84,24300,5.79,81900,5.8500000000000005,98600,6.41,5.25,0.0,0.0
183,20241022,600630,1,龙头股份,8.55,8.58,5269500,45208629.0,0,8.68,8.67,10100,8.68,37900,8.66,7500,8.69,171400,8.65,81500,8.700000000000001,318100,9.41,7.7,0.0,0.0
184,20241022,600642,1,申能股份,8.2,8.19,12472000,105151386.0,0,8.48,8.48,6000,8.49,71800,8.47,32100,8.5,714500,8.46,62800,8.51,125100,9.02,7.38,0.0,0.0
185,20241022,600643,1,爱建集团,5.49,5.47,4390200,23917546.0,0,5.46,5.45,43000,5.46,189100,5.44,124000,5.47,151000,5.43,228500,5.48,167900,6.04,4.94,0.0,0.0
186,20241022,600663,1,陆家嘴  ,9.91,9.94,2300400,22813283.0,0,9.91,9.91,1800,9.92,17000,9.9,20200,9.93,19900,9.89,8400,9.94,5900,10.9,8.92,0.0,0.0
187,20241022,600664,1,哈药股份,3.66,3.65,10022700,37070665.0,0,3.71,3.71,322800,3.72,795900,3.7,268000,3.73,1237000,3.69,389800,3.74,365100,4.03,3.29,0.0,0.0
188,20241022,600674,1,川投能源,17.25,17.2,8359700,143976641.0,0,17.21,17.21,108300,17.22,169600,17.2,254900,17.23,332900,17.19,145100,17.240000000000002,42700,18.98,15.530000000000001,0.0,0.0
189,20241022,600685,1,中船防务,25.9,25.85,4181100,106759501.0,0,25.53,25.52,1200,25.53,1800,25.51,900,25.54,600,25.5,7600,25.55,13000,28.490000000000002,23.31,0.0,0.0
190,20241022,600694,1,大商股份,18.05,17.990000000000002,1664400,30023697.0,0,18.27,18.26,5900,18.27,7300,18.240000000000002,700,18.28,3000,18.23,3400,18.29,900,19.86,16.25,0.0,0.0
191,20241022,600703,1,三安光电,13.38,13.47,18091600,240934216.0,0,13.4,13.39,47700,13.4,114100,13.38,105000,13.41,71100,13.37,149800,13.42,85500,14.72,12.040000000000001,0.0,0.0
192,20241022,600707,1,彩虹股份,7.05,7.0600000000000005,20987000,149249377.0,0,7.37,7.36,26500,7.37,1700,7.3500000000000005,52700,7.38,86600,7.34,147500,7.390000000000001,82000,7.76,6.3500000000000005,0.0,0.0
193,20241022,600717,1,天津港  ,4.7,4.69,5800600,27354440.0,0,4.72,4.71,76700,4.72,185000,4.7,181400,4.73,336800,4.69,345300,4.74,180900,5.17,4.23,0.0,0.0
194,20241022,600732,1,爱旭股份,9.47,9.33,14483400,134476180.0,0,9.450000000000001,9.44,34500,9.450000000000001,14800,9.43,15300,9.46,18000,9.42,2200,9.47,31400,10.42,8.52,0.0,0.0
195,20241022,600739,1,辽宁成大,11.16,11.16,7275800,81268045.0,0,11.19,11.18,7900,11.19,26500,11.17,5600,11.200000000000001,83700,11.16,25700,11.21,11400,12.280000000000001,10.040000000000001,0.0,0.0
196,20241022,600742,1,一汽富维,8.33,8.68,7186200,61923484.0,0,8.6,8.6,2200,8.61,135300,8.59,78300,8.620000000000001,91200,8.58,94600,8.63,39300,9.16,7.5,0.0,0.0
197,20241022,600745,1,闻泰科技,34.47,34.2,11744400,398590159.0,0,34.44,34.44,2800,34.45,400,34.43,500,34.46,16100,34.410000000000004,200,34.47,10300,37.92,31.02,0.0,0.0
198,20241022,600757,1,长江传媒,8.69,8.69,6780800,59864211.0,0,8.89,8.88,21900,8.89,16800,8.870000000000001,11100,8.9,284500,8.86,3700,8.91,324300,9.56,7.82,0.0,0.0
199,20241022,600760,1,中航沈飞,49.43,49.160000000000004,6326400,307030356.0,0,48.81,48.79,200,48.800000000000004,800,48.77,10300,48.85,500,48.76,300,48.88,2000,54.370000000000005,44.49,0.0,0.0
200,20241022,600773,1,西藏城投,11.3,11.34,4053500,45788228.0,0,11.370000000000001,11.36,18700,11.370000000000001,46100,11.35,16300,11.38,50500,11.34,2000,11.39,97500,12.43,10.17,0.0,0.0
201,20241022,600776,1,东方通信,11.05,11.120000000000001,6212900,67871054.0,0,10.96,10.96,19700,10.97,12300,10.950000000000001,10900,10.98,45300,10.94,4800,10.99,13900,12.16,9.950000000000001,0.0,0.0
202,20241022,600803,1,新奥股份,19.12,18.93,2377800,45458699.0,0,19.1,19.09,7000,19.1,6100,19.080000000000002,4000,19.11,6200,19.07,19400,19.12,13100,21.03,17.21,0.0,0.0
203,20241022,600818,1,中路股份,14.92,14.790000000000001,4427800,65301493.0,0,15.030000000000001,15.02,5300,15.030000000000001,30700,15.01,3700,15.040000000000001,6600,15.0,2800,15.05,19000,16.41,13.43,0.0,0.0
204,20241022,600820,1,隧道股份,6.86,6.8500000000000005,7848200,53882058.0,0,6.91,6.9,79600,6.91,100,6.890000000000001,98500,6.92,306300,6.88,97200,6.93,253200,7.55,6.17,0.0,0.0
205,20241022,600850,1,电科数字,23.84,25.0,12070400,298204662.0,0,24.73,24.71,600,24.73,1300,24.68,4100,24.740000000000002,7800,24.67,18500,24.75,2600,26.22,21.46,0.0,0.0
206,20241022,600863,1,内蒙华电,4.5,4.54,28924000,132910811.0,0,4.6000000000000005,4.6000000000000005,724300,4.61,913100,4.59,389400,4.62,1652200,4.58,898400,4.63,2544000,4.95,4.05,0.0,0.0
207,20241022,600882,1,妙可蓝多,16.0,16.0,2312100,36876738.0,0,16.02,16.01,1800,16.02,4500,16.0,800,16.03,4600,15.99,2400,16.04,6900,17.6,14.4,0.0,0.0
208,20241022,600884,1,杉杉股份,8.16,8.17,7234000,59194504.0,0,8.27,8.26,64600,8.27,71900,8.25,37200,8.28,117500,8.24,29800,8.290000000000001,157800,8.98,7.34,0.0,0.0
209,20241022,600885,1,宏发股份,32.3,32.19,2165800,70338928.0,0,32.660000000000004,32.63,2400,32.660000000000004,2200,32.61,2000,32.67,2100,32.6,3600,32.68,6400,35.53,29.07,0.0,0.0
210,20241022,600886,1,国投电力,15.62,15.65,9816700,155123718.0,0,15.77,15.77,1700,15.780000000000001,14300,15.76,173300,15.790000000000001,7000,15.75,23200,15.8,49100,17.18,14.06,0.0,0.0
211,20241022,600893,1,航发动力,43.13,43.15,8310500,351444456.0,0,42.46,42.44,4800,42.46,7700,42.43,200,42.47,22600,42.410000000000004,1700,42.480000000000004,5500,47.44,38.82,0.0,0.0
212,20241022,600901,1,江苏金租,5.32,5.33,8382400,44514111.0,0,5.32,5.32,23300,5.33,635800,5.3100000000000005,148100,5.34,580000,5.3,91100,5.3500000000000005,732100,5.8500000000000005,4.79,0.0,0.0
213,20241022,600906,1,财达证券,7.16,7.17,8985300,64328246.0,0,7.18,7.18,5200,7.19,249000,7.17,116700,7.2,278000,7.16,132200,7.21,148400,7.88,6.44,0.0,0.0
214,20241022,600909,1,华安证券,5.6,5.6000000000000005,11896400,66741871.0,0,5.63,5.63,165800,5.64,562100,5.62,495600,5.65,701300,5.61,223500,5.66,479700,6.16,5.04,0.0,0.0
215,20241022,600919,1,江苏银行,8.94,8.91,21725000,193998905.0,0,8.88,8.870000000000001,142200,8.88,118500,8.86,657700,8.89,150700,8.85,1020800,8.9,313700,9.83,8.05,0.0,0.0
216,20241022,600925,1,苏能股份,5.31,5.3,2731300,14507429.0,0,5.3100000000000005,5.3100000000000005,45800,5.32,327000,5.3,577000,5.33,320400,5.29,573500,5.34,217200,5.84,4.78,0.0,0.0
217,20241022,600926,1,杭州银行,14.5,14.55,12930100,185495888.0,0,14.27,14.27,2300,14.280000000000001,15400,14.26,12700,14.290000000000001,13300,14.25,59200,14.3,54800,15.950000000000001,13.05,0.0,0.0
218,20241022,600938,1,中国海油,28.3,28.39,8536100,241735449.0,0,28.26,28.25,4500,28.26,5700,28.240000000000002,13500,28.27,11700,28.23,27500,28.28,53700,31.13,25.47,0.0,0.0
219,20241022,600958,1,东方证券,10.65,10.61,12611900,133612801.0,0,10.61,10.6,40800,10.61,5800,10.59,108700,10.620000000000001,40700,10.58,96400,10.63,61200,11.72,9.59,0.0,0.0
220,20241022,600968,1,海油发展,4.34,4.3500000000000005,13427400,59286599.0,0,4.4,4.4,31100,4.41,173000,4.39,602700,4.42,410900,4.38,299700,4.43,106500,4.7700000000000005,3.91,0.0,0.0
221,20241022,600989,1,宝丰能源,15.57,15.700000000000001,12435200,198486356.0,0,16.2,16.19,5600,16.2,800,16.18,28500,16.21,141500,16.17,37100,16.22,2800,17.13,14.01,0.0,0.0
222,20241022,600999,1,招商证券,20.14,20.12,15133400,306234808.0,0,20.2,20.19,19800,20.2,54900,20.18,26100,20.21,30000,20.17,3700,20.22,32400,22.150000000000002,18.13,0.0,0.0
223,20241022,601000,1,唐山港  ,4.72,4.7,19148900,91684611.0,0,4.87,4.87,178100,4.88,981400,4.86,526500,4.89,969300,4.8500000000000005,176000,4.9,1057700,5.19,4.25,0.0,0.0
224,20241022,601009,1,南京银行,10.41,10.4,13824100,143386477.0,0,10.28,10.28,60600,10.290000000000001,130100,10.27,107200,10.3,68900,10.26,495800,10.31,146200,11.450000000000001,9.370000000000001,0.0,0.0
225,20241022,601016,1,节能风电,3.08,3.08,12290700,38177538.0,0,3.12,3.11,789900,3.12,3703400,3.1,2517000,3.13,3180700,3.09,2014100,3.14,2432900,3.39,2.77,0.0,0.0
226,20241022,601018,1,宁波港  ,3.6,3.59,4267000,15370260.0,0,3.6,3.59,775300,3.6,707400,3.58,1126500,3.61,880200,3.5700000000000003,935900,3.62,875700,3.96,3.24,0.0,0.0
227,20241022,601019,1,山东出版,11.39,11.39,5199700,60343074.0,0,11.790000000000001,11.790000000000001,3100,11.8,72900,11.78,15800,11.81,6400,11.77,12400,11.82,17000,12.530000000000001,10.25,0.0,0.0
228,20241022,601021,1,春秋航空,53.58,53.58,2833100,151921592.0,0,54.120000000000005,54.11,300,54.120000000000005,4700,54.1,400,54.13,1000,54.09,500,54.15,1900,58.94,48.22,0.0,0.0
229,20241022,601061,1,中信金属,7.61,7.6000000000000005,3641800,27661492.0,0,7.63,7.63,78700,7.640000000000001,138400,7.62,38900,7.65,103100,7.61,40100,7.66,107000,8.370000000000001,6.8500000000000005,0.0,0.0
230,20241022,601066,1,中信建投,26.29,26.25,6463000,169671942.0,0,26.25,26.240000000000002,4700,26.25,3000,26.23,9400,26.26,7600,26.22,8000,26.27,21600,28.92,23.66,0.0,0.0
231,20241022,601089,1,福元医药,16.28,16.22,1398900,22942378.0,0,16.41,16.41,1100,16.42,8700,16.4,300,16.43,400,16.39,3200,16.44,7100,17.91,14.65,0.0,0.0
232,20241022,601100,1,恒立液压,56.1,56.08,5075600,288783414.0,0,57.660000000000004,57.61,100,57.660000000000004,1200,57.6,11100,57.67,3700,57.57,200,57.68,12100,61.71,50.49,0.0,0.0
233,20241022,601117,1,中国化学,8.32,8.26,10874900,89623099.0,0,8.27,8.26,59100,8.27,159100,8.25,55000,8.28,171100,8.24,927200,8.290000000000001,195300,9.15,7.49,0.0,0.0
234,20241022,601118,1,海南橡胶,5.67,5.68,5937600,33964766.0,0,5.76,5.75,35700,5.76,419800,5.74,22500,5.7700000000000005,406600,5.73,70400,5.78,259400,6.24,5.1000000000000005,0.0,0.0
235,20241022,601128,1,常熟银行,7.32,7.3100000000000005,7309500,52816000.0,0,7.2,7.2,128300,7.21,245500,7.19,28000,7.22,20300,7.18,37300,7.23,59100,8.05,6.59,0.0,0.0
236,20241022,601138,1,工业富联,26.2,26.490000000000002,37066700,975367674.0,0,26.73,26.72,28300,26.73,8200,26.71,69000,26.740000000000002,22900,26.7,52800,26.75,102200,28.82,23.580000000000002,0.0,0.0
237,20241022,601155,1,新城控股,14.18,14.1,6477000,91142053.0,0,14.030000000000001,14.02,9800,14.030000000000001,49500,14.01,10800,14.040000000000001,5800,14.0,63300,14.05,1900,15.6,12.76,0.0,0.0
238,20241022,601169,1,北京银行,5.81,5.8,23377300,136211791.0,0,5.8,5.79,1007200,5.8,257500,5.78,1340400,5.8100000000000005,1129700,5.7700000000000005,1478000,5.82,1055100,6.390000000000001,5.23,0.0,0.0
239,20241022,601198,1,东兴证券,10.27,10.22,12422400,127853644.0,0,10.33,10.32,23400,10.33,31700,10.31,32000,10.34,224400,10.3,59200,10.35,335800,11.3,9.24,0.0,0.0
240,20241022,601211,1,国泰君安,19.18,19.02,20295000,387809920.0,0,19.14,19.13,5300,19.14,1900,19.12,5400,19.150000000000002,21100,19.1,9600,19.16,40300,21.1,17.26,0.0,0.0
241,20241022,601222,1,林洋能源,6.9,6.9,7454800,51375690.0,0,6.95,6.94,169300,6.95,191100,6.93,122700,6.96,71700,6.92,136900,6.97,103600,7.59,6.21,0.0,0.0
242,20241022,601229,1,上海银行,7.94,7.9,8896700,70614384.0,0,7.92,7.91,110000,7.92,15700,7.9,116200,7.930000000000001,46800,7.890000000000001,203100,7.94,186000,8.73,7.15,0.0,0.0
243,20241022,601231,1,环旭电子,15.24,15.18,7345400,111403767.0,0,15.38,15.38,1500,15.4,17400,15.370000000000001,2800,15.41,4200,15.36,8900,15.42,6000,16.76,13.72,0.0,0.0
244,20241022,601298,1,青岛港  ,8.33,8.31,2704700,22655624.0,0,8.370000000000001,8.36,24200,8.370000000000001,38200,8.35,25900,8.38,12800,8.34,56800,8.39,32000,9.16,7.5,0.0,0.0
245,20241022,601319,1,中国人保,7.28,7.2700000000000005,17561400,128407110.0,0,7.24,7.23,25200,7.24,21300,7.22,173200,7.25,444000,7.21,722100,7.26,173700,8.01,6.55,0.0,0.0
246,20241022,601377,1,兴业证券,6.36,6.3500000000000005,13498200,85745303.0,0,6.36,6.3500000000000005,174300,6.36,1149600,6.34,384700,6.37,899900,6.33,503200,6.38,610800,7.0,5.72,0.0,0.0
247,20241022,601555,1,东吴证券,7.79,7.75,13252000,103226137.0,0,7.82,7.8100000000000005,5100,7.82,218200,7.8,99300,7.83,235600,7.79,103800,7.84,334100,8.57,7.01,0.0,0.0
248,20241022,601600,1,中国铝业,8.76,8.700000000000001,31287100,273038701.0,0,8.75,8.74,100600,8.75,133200,8.73,47600,8.76,112500,8.72,49800,8.77,74500,9.64,7.88,0.0,0.0
249,20241022,601611,1,中国核建,8.48,8.42,10447200,90082310.0,0,8.61,8.61,40900,8.620000000000001,65100,8.6,36400,8.63,52400,8.59,6900,8.64,23800,9.33,7.63,0.0,0.0
250,20241022,601618,1,中国中冶,3.32,3.31,20605700,68192047.0,0,3.3000000000000003,3.3000000000000003,1514900,3.31,279200,3.29,2705400,3.3200000000000003,3732100,3.2800000000000002,3721700,3.33,5559100,3.65,2.99,0.0,0.0
251,20241022,601678,1,滨化股份,3.74,3.75,5636300,21101825.0,0,3.75,3.74,361500,3.75,170300,3.73,271700,3.7600000000000002,318500,3.72,367500,3.77,287600,4.11,3.37,0.0,0.0
252,20241022,601700,1,风范股份,4.23,4.22,3719300,15862298.0,0,4.3,4.3,24000,4.3100000000000005,154300,4.29,267700,4.32,221700,4.28,56200,4.33,192500,4.65,3.81,0.0,0.0
253,20241022,601717,1,郑煤机  ,12.57,12.59,9699500,122965176.0,0,12.76,12.76,14000,12.77,29200,12.75,22500,12.780000000000001,51600,12.74,48400,12.790000000000001,77700,13.83,11.31,0.0,0.0
254,20241022,601727,1,上海电气,4.97,5.47,100,547.0,0,5.47,5.47,145135400,0.0,0,5.46,2051700,0.0,0,5.45,608100,0.0,0,5.47,4.47,0.0,0.0
255,20241022,601766,1,中国中车,8.18,8.16,14392300,118760159.0,0,8.2,8.2,63100,8.21,247600,8.19,236100,8.22,243500,8.18,992100,8.23,147900,9.0,7.36,0.0,0.0
256,20241022,601800,1,中国交建,10.58,10.450000000000001,20300800,211991411.0,0,10.540000000000001,10.540000000000001,3700,10.55,105900,10.53,13300,10.56,143400,10.52,79800,10.57,179000,11.64,9.52,0.0,0.0
257,20241022,601811,1,新华文轩,14.92,14.96,2907900,44265052.0,0,15.48,15.48,200,15.49,4300,15.47,3400,15.5,29100,15.46,300,15.51,3100,16.41,13.43,0.0,0.0
258,20241022,601816,1,京沪高铁,5.62,5.62,20712500,117327140.0,0,5.64,5.64,288400,5.65,988600,5.63,2724600,5.66,782800,5.62,3136600,5.67,964800,6.18,5.0600000000000005,0.0,0.0
259,20241022,601818,1,光大银行,3.46,3.46,33568600,116288283.0,0,3.46,3.45,2708700,3.46,6764500,3.44,7900500,3.47,5151800,3.43,5147000,3.48,4935600,3.81,3.11,0.0,0.0
260,20241022,601825,1,沪农商行,8.11,8.08,8246000,66275797.0,0,7.930000000000001,7.930000000000001,12100,7.94,83300,7.92,498000,7.95,35500,7.91,367800,7.96,27900,8.92,7.3,0.0,0.0
261,20241022,601865,1,福莱特  ,19.16,19.0,8720600,164820399.0,0,19.16,19.16,1000,19.17,4200,19.14,2400,19.18,4500,19.13,4000,19.19,5900,21.080000000000002,17.240000000000002,0.0,0.0
262,20241022,601881,1,中国银河,14.61,14.6,17990400,263748713.0,0,14.66,14.65,6300,14.66,36800,14.64,50100,14.67,38400,14.63,16200,14.68,73900,16.07,13.15,0.0,0.0
263,20241022,601898,1,中煤能源,13.59,13.48,6864000,93119699.0,0,13.55,13.540000000000001,37600,13.55,7200,13.530000000000001,18000,13.56,8900,13.52,17200,13.57,6700,14.950000000000001,12.23,0.0,0.0
264,20241022,601939,1,建设银行,8.15,8.15,15166100,123640192.0,0,8.120000000000001,8.120000000000001,248200,8.13,25900,8.11,904300,8.14,325600,8.1,3014500,8.15,958600,8.97,7.34,0.0,0.0
265,20241022,601952,1,苏垦农发,10.0,10.01,4449500,44626771.0,0,10.03,10.02,18800,10.03,45500,10.01,46900,10.040000000000001,24300,10.0,105500,10.05,33400,11.0,9.0,0.0,0.0
266,20241022,601990,1,南京证券,8.83,8.870000000000001,9400400,82799468.0,0,8.83,8.83,2000,8.84,175400,8.82,201200,8.85,133400,8.81,83700,8.86,108700,9.71,7.95,0.0,0.0
267,20241022,601998,1,中信银行,6.77,6.7700000000000005,9348800,63510689.0,0,6.7700000000000005,6.7700000000000005,60600,6.78,133400,6.76,218500,6.79,164700,6.75,761800,6.8,244800,7.45,6.09,0.0,0.0
268,20241022,603015,1,弘讯科技,7.98,7.99,2694600,21737800.0,0,8.18,8.16,13800,8.18,3700,8.15,900,8.19,21900,8.14,8300,8.2,102500,8.78,7.18,0.0,0.0
269,20241022,603033,1,三维股份,14.43,14.5,1678200,24210890.0,0,14.43,14.43,4900,14.450000000000001,600,14.42,8900,14.46,3900,14.41,13000,14.47,2700,15.870000000000001,12.99,0.0,0.0
270,20241022,603078,1,江化微  ,15.35,15.23,4692000,71667236.0,0,15.31,15.3,400,15.31,1000,15.290000000000001,5500,15.32,12100,15.280000000000001,4300,15.33,5000,16.89,13.82,0.0,0.0
271,20241022,603083,1,剑桥科技,35.88,37.4,18275100,664520569.0,0,36.57,36.56,400,36.57,800,36.54,800,36.58,2800,36.5,1100,36.59,2300,39.47,32.29,0.0,0.0
272,20241022,603110,1,东方材料,14.0,13.98,3665200,49867355.0,0,13.530000000000001,13.52,3100,13.530000000000001,7900,13.5,26100,13.540000000000001,5900,13.49,9900,13.55,29900,15.4,12.6,0.0,0.0
273,20241022,603119,1,浙江荣泰,16.61,16.65,3644000,63512800.0,0,17.59,17.59,200,17.6,22900,17.580000000000002,200,17.61,7600,17.57,800,17.62,43100,18.27,14.950000000000001,0.0,0.0
274,20241022,603158,1,腾龙股份,7.4,7.4,3733200,27873313.0,0,7.55,7.54,53500,7.55,3600,7.53,15000,7.5600000000000005,44500,7.5200000000000005,14400,7.57,26000,8.14,6.66,0.0,0.0
275,20241022,603169,1,兰石重装,5.27,5.22,9199600,49242215.0,0,5.39,5.39,29300,5.4,106100,5.38,19400,5.41,115200,5.37,31800,5.42,167800,5.8,4.74,0.0,0.0
276,20241022,603178,1,圣龙股份,20.78,20.78,2850200,59839870.0,0,21.240000000000002,21.23,200,21.240000000000002,700,21.2,1100,21.25,17300,21.18,6800,21.26,4400,22.86,18.7,0.0,0.0
277,20241022,603197,1,保隆科技,37.36,37.5,2753300,104522311.0,0,38.32,38.31,200,38.32,400,38.300000000000004,20000,38.33,200,38.28,200,38.35,3200,41.1,33.62,0.0,0.0
278,20241022,603220,1,中贝通信,24.22,24.23,8958500,212721853.0,0,23.79,23.79,8200,23.8,44600,23.78,17800,23.81,20500,23.77,1200,23.82,21000,26.64,21.8,0.0,0.0
279,20241022,603229,1,奥翔药业,8.53,8.53,6156000,53978399.0,0,8.91,8.9,29400,8.91,5300,8.89,46300,8.92,35400,8.88,58600,8.93,27100,9.38,7.68,0.0,0.0
280,20241022,603260,1,合盛硅业,53.09,53.09,1591300,83640833.0,0,52.800000000000004,52.75,200,52.800000000000004,3800,52.74,1200,52.81,600,52.72,300,52.82,1200,58.4,47.78,0.0,0.0
281,20241022,603266,1,天龙股份,17.47,17.5,2225900,38935013.0,0,17.61,17.6,4800,17.61,3400,17.59,9000,17.62,19800,17.580000000000002,4300,17.63,4500,19.22,15.72,0.0,0.0
282,20241022,603267,1,鸿远电子,44.63,44.6,6896000,312050069.0,0,46.32,46.31,2600,46.32,400,46.300000000000004,23800,46.33,700,46.28,2300,46.34,6900,49.09,40.17,0.0,0.0
283,20241022,603298,1,杭叉集团,17.32,17.12,7077200,123974404.0,0,17.86,17.85,2200,17.86,8600,17.84,36100,17.87,11500,17.830000000000002,800,17.88,6000,19.05,15.59,0.0,0.0
284,20241022,603358,1,华达科技,30.92,30.88,1699600,52498664.0,0,30.970000000000002,30.96,200,30.970000000000002,5500,30.95,1400,30.98,11400,30.94,400,31.0,800,34.01,27.830000000000002,0.0,0.0
285,20241022,603367,1,辰欣药业,13.41,13.42,1705100,23099629.0,0,13.61,13.61,12700,13.620000000000001,8200,13.6,10100,13.63,1900,13.59,17800,13.64,7400,14.75,12.07,0.0,0.0
286,20241022,603393,1,新天然气,34.23,33.9,1663400,56821379.0,0,34.42,34.38,100,34.42,1100,34.37,1200,34.45,1300,34.36,1100,34.46,5000,37.65,30.810000000000002,0.0,0.0
287,20241022,603489,1,八方股份,19.97,19.91,1454000,29130338.0,0,20.31,20.31,1500,20.32,2100,20.3,200,20.330000000000002,4500,20.28,900,20.35,15000,21.97,17.97,0.0,0.0
288,20241022,603507,1,振江股份,23.05,22.89,4594600,108547719.0,0,24.25,24.240000000000002,27100,24.26,600,24.23,1300,24.3,2900,24.22,9700,24.310000000000002,2600,25.36,20.75,0.0,0.0
289,20241022,603517,1,绝味食品,16.15,16.2,14171900,242636977.0,0,17.77,17.77,3566500,0.0,0,17.76,13600,0.0,0,17.75,3500,0.0,0,17.77,14.540000000000001,0.0,0.0
290,20241022,603536,1,惠发食品,8.7,8.68,3151500,27760357.0,0,8.9,8.89,1500,8.9,38000,8.88,34400,8.91,44500,8.870000000000001,53500,8.92,15700,9.57,7.83,0.0,0.0
291,20241022,603599,1,广信股份,10.86,10.83,4278300,46022108.0,0,10.91,10.91,1300,10.92,40600,10.89,35300,10.93,22400,10.88,76400,10.94,21600,11.950000000000001,9.77,0.0,0.0
292,20241022,603606,1,东方电缆,50.41,49.58,8985900,472089375.0,0,53.81,53.79,1500,53.81,8900,53.76,600,53.83,200,53.7,1600,53.85,1300,55.45,45.37,0.0,0.0
293,20241022,603618,1,杭电股份,4.85,4.8500000000000005,3328900,16281232.0,0,4.93,4.93,75200,4.94,259200,4.92,27300,4.95,109900,4.91,3100,4.96,98400,5.34,4.37,0.0,0.0
294,20241022,603629,1,利通电子,17.62,17.62,2778900,48385792.0,0,17.62,17.61,4000,17.62,14800,17.6,3300,17.63,6500,17.59,5600,17.64,7100,19.38,15.860000000000001,0.0,0.0
295,20241022,603633,1,徕木股份,7.04,7.0,3001100,21087792.0,0,7.12,7.11,16200,7.12,55300,7.1000000000000005,39600,7.13,32400,7.09,13500,7.140000000000001,90200,7.74,6.34,0.0,0.0
296,20241022,603687,1,大胜达  ,6.58,6.6000000000000005,2188100,14460260.0,0,6.66,6.65,28500,6.66,20200,6.640000000000001,29500,6.67,49600,6.63,18300,6.68,98100,7.24,5.92,0.0,0.0
297,20241022,603698,1,航天工程,15.38,15.38,1965200,30076582.0,0,15.4,15.4,2200,15.42,4800,15.39,7000,15.43,4000,15.38,1700,15.44,8700,16.92,13.84,0.0,0.0
298,20241022,603699,1,纽威股份,21.83,21.93,2954400,66375944.0,0,22.97,22.900000000000002,200,22.97,1100,22.88,1700,22.98,1300,22.87,15600,22.990000000000002,6500,24.01,19.650000000000002,0.0,0.0
299,20241022,603786,1,科博达  ,56.23,56.33,1081600,61432213.0,0,57.01,57.01,100,57.14,100,57.0,8500,57.15,200,56.870000000000005,1100,57.160000000000004,400,61.85,50.61,0.0,0.0
300,20241022,603806,1,福斯特  ,16.78,16.65,10314100,173013340.0,0,16.98,16.97,14400,16.98,1500,16.96,10300,16.990000000000002,2100,16.95,200,17.0,13400,18.46,15.1,0.0,0.0
301,20241022,603859,1,能科科技,19.12,19.900000000000002,4877000,98205978.0,0,20.28,20.26,6100,20.31,800,20.25,8100,20.32,5100,20.240000000000002,1300,20.330000000000002,1900,21.03,17.21,0.0,0.0
302,20241022,603899,1,晨光股份,30.02,30.0,2569100,77828298.0,0,30.54,30.53,500,30.54,1900,30.52,1200,30.55,2300,30.51,3700,30.560000000000002,1600,33.02,27.02,0.0,0.0
303,20241022,603915,1,国茂股份,9.62,9.67,3355800,32588909.0,0,9.86,9.86,200,9.870000000000001,36400,9.85,4800,9.88,8100,9.84,51300,9.89,13500,10.58,8.66,0.0,0.0
304,20241022,603918,1,金桥信息,12.02,12.040000000000001,5992400,71387249.0,0,12.13,12.13,8200,12.14,7900,12.120000000000001,21600,12.15,49200,12.11,1600,12.16,65200,13.22,10.82,0.0,0.0
305,20241022,603960,1,克来机电,19.3,19.12,5359600,104659091.0,0,19.81,19.8,9500,19.81,11500,19.79,32000,19.82,25800,19.78,8300,19.830000000000002,3700,21.23,17.37,0.0,0.0
306,20241022,603977,1,国泰集团,12.57,12.42,2751900,34318835.0,0,12.42,12.42,2200,12.43,400,12.41,8500,12.450000000000001,2200,12.4,189900,12.46,5800,13.83,11.31,0.0,0.0
307,20241022,603993,1,洛阳钼业,8.32,8.22,49419800,405636984.0,0,8.26,8.25,127400,8.26,116500,8.24,138100,8.27,84600,8.23,451600,8.28,165900,9.15,7.49,0.0,0.0
308,20241022,605168,1,三人行  ,29.95,29.86,3117700,94669851.0,0,31.0,30.98,2900,31.0,25700,30.96,100,31.01,700,30.95,2300,31.02,1100,32.95,26.96,0.0,0.0
309,20241022,605358,1,立昂微  ,26.3,26.3,8449900,222085529.0,0,26.62,26.61,2100,26.62,8800,26.6,600,26.63,2000,26.59,7900,26.64,11600,28.93,23.67,0.0,0.0
310,20241022,605577,1,龙版传媒,14.11,14.200000000000001,4601200,66968101.0,0,14.780000000000001,14.77,2000,14.780000000000001,1500,14.76,31100,14.790000000000001,8300,14.75,6500,14.8,51300,15.52,12.700000000000001,0.0,0.0
311,20241022,688007,1,光峰科技,16.61,16.580000000000002,4927400,80014121.0,0,16.32,16.31,500,16.32,2000,16.3,100,16.330000000000002,9600,16.29,1400,16.34,600,19.93,13.290000000000001,0.0,0.0
312,20241022,688009,1,中国通号,6.46,6.5200000000000005,11939604,75686387.24,0,6.29,6.29,1000,6.3,209700,6.28,131600,6.3100000000000005,5600,6.2700000000000005,587400,6.32,75800,7.75,5.17,0.0,0.0
313,20241022,688017,1,绿的谐波,87.18,86.0,3894900,351428258.0,0,93.49,93.48,400,93.49,400,93.41,1300,93.5,1400,93.4,1000,93.51,2100,104.62,69.74,0.0,0.0
314,20241022,688025,1,杰普特  ,43.43,44.51,1970200,87748509.0,0,44.910000000000004,44.910000000000004,1100,44.93,100,44.82,1100,44.94,300,44.800000000000004,1600,44.95,500,52.120000000000005,34.74,0.0,0.0
315,20241022,688033,1,天宜上佳,6.29,6.2700000000000005,5225800,32313113.0,0,6.24,6.23,30700,6.24,5500,6.22,92400,6.25,14300,6.21,32800,6.26,69700,7.55,5.03,0.0,0.0
316,20241022,688036,1,传音控股,94.5,94.98,4525900,422740136.0,0,93.65,93.64,200,93.65,4600,93.62,1100,93.66,1700,93.61,1100,93.67,900,113.4,75.60000000000001,0.0,0.0
317,20241022,688088,1,虹软科技,34.8,34.5,3485450,118850594.0,0,34.5,34.480000000000004,2100,34.5,5700,34.46,11000,34.54,2300,34.45,100,34.57,300,41.76,27.84,0.0,0.0
318,20241022,688126,1,沪硅产业,24.19,23.650000000000002,15802768,380354164.49,0,24.37,24.37,1100,24.38,7700,24.35,300,24.39,10400,24.330000000000002,4300,24.400000000000002,18200,29.03,19.35,0.0,0.0
319,20241022,688127,1,蓝特光学,22.17,22.45,14306200,346539718.35,0,25.95,25.900000000000002,3500,25.93,300,25.88,16600,25.95,42100,25.87,20600,25.97,23800,26.6,17.740000000000002,0.0,0.0
320,20241022,688210,1,统联精密,20.97,20.88,1977000,40666592.0,0,21.06,21.0,8700,21.06,2900,20.990000000000002,700,21.080000000000002,2000,20.98,4700,21.09,600,25.16,16.78,0.0,0.0
321,20241022,688232,1,新点软件,37.05,36.96,2524367,89248784.88,0,35.15,35.13,500,35.15,9800,35.12,300,35.24,600,35.11,900,35.25,800,44.46,29.64,0.0,0.0
322,20241022,688270,1,臻镭科技,35.1,35.08,3939200,137046922.0,0,35.36,35.36,5100,35.410000000000004,200,35.35,3200,35.42,200,35.34,600,35.46,400,42.12,28.080000000000002,0.0,0.0
323,20241022,688276,1,百克生物,27.82,27.72,1805200,49589836.0,0,27.810000000000002,27.8,900,27.810000000000002,13500,27.79,900,27.82,600,27.78,3100,27.84,2900,33.38,22.26,0.0,0.0
324,20241022,688289,1,圣湘生物,20.65,20.650000000000002,4343400,89392426.0,0,21.150000000000002,21.12,1300,21.150000000000002,1200,21.1,3400,21.16,5100,21.09,1100,21.17,800,24.78,16.52,0.0,0.0
325,20241022,688292,1,浩瀚深度,20.47,20.35,2534200,50469637.0,0,20.19,20.17,300,20.19,1000,20.14,4100,20.2,5000,20.080000000000002,49200,20.21,4700,24.560000000000002,16.38,0.0,0.0
326,20241022,688297,1,中无人机,41.6,41.65,8538249,380845319.15,0,48.21,48.21,1000,48.22,800,48.2,600,48.25,800,48.19,2600,48.26,1200,49.92,33.28,0.0,0.0
327,20241022,688303,1,大全能源,26.73,26.7,3098450,80544232.0,0,25.95,25.89,1500,25.95,1100,25.88,18900,25.96,900,25.87,3600,25.97,1500,32.08,21.38,0.0,0.0
328,20241022,688321,1,微芯生物,22.27,22.330000000000002,2550800,56531329.0,0,22.400000000000002,22.37,300,22.400000000000002,5200,22.36,2700,22.41,2000,22.330000000000002,1500,22.42,2800,26.72,17.82,0.0,0.0
329,20241022,688336,1,三生国健,23.73,23.77,1647400,39302273.0,0,23.92,23.92,200,23.97,600,23.91,1000,23.98,400,23.89,300,23.990000000000002,4200,28.48,18.98,0.0,0.0
330,20241022,688348,1,昱能科技,58.28,57.730000000000004,1935750,109812008.0,0,57.28,57.28,2000,57.300000000000004,200,57.25,400,57.32,100,57.2,300,57.39,1300,69.94,46.62,0.0,0.0
331,20241022,688385,1,复旦微电,46.9,45.9,9694124,450723346.75000006,0,46.95,46.9,2900,46.95,400,46.89,1900,46.96,1200,46.87,200,46.97,4100,56.28,37.52,0.0,0.0
332,20241022,688388,1,嘉元科技,11.88,11.9,3283800,38537429.0,0,11.83,11.83,1600,11.84,9300,11.82,7400,11.85,16100,11.81,11100,11.86,2300,14.26,9.5,0.0,0.0
333,20241022,688425,1,铁建重工,4.32,4.3100000000000005,5548750,23754362.82,0,4.29,4.28,91300,4.29,299200,4.2700000000000005,517000,4.3,442800,4.26,972100,4.3100000000000005,346100,5.18,3.46,0.0,0.0
334,20241022,688561,1,奇安信  ,33.92,34.19,2967354,98213949.06,0,33.18,33.14,300,33.18,1400,33.12,9600,33.19,3200,33.1,400,33.2,1600,40.7,27.14,0.0,0.0
335,20241022,688586,1,江航装备,10.45,10.450000000000001,4308700,44461865.379999995,0,10.42,10.4,6600,10.42,18500,10.39,12100,10.43,2600,10.38,4300,10.44,3500,12.540000000000001,8.36,0.0,0.0
336,20241022,688589,1,力合微  ,30.26,29.8,2414500,70940535.0,0,29.45,29.42,10400,29.45,25000,29.41,3000,29.51,600,29.400000000000002,9400,29.53,1100,36.31,24.21,0.0,0.0
337,20241022,688598,1,金博股份,23.18,23.2,3230300,73376324.0,0,23.03,23.0,12900,23.03,1100,22.990000000000002,3700,23.04,1200,22.97,1100,23.05,1800,27.82,18.54,0.0,0.0
338,20241022,688599,1,天合光能,23.26,23.04,13670984,305389151.1299998,0,22.89,22.86,300,22.89,600,22.85,25100,22.900000000000002,5600,22.84,300,22.91,6600,27.91,18.61,0.0,0.0
339,20241022,688677,1,海泰新光,33.38,33.38,901400,29918722.0,0,33.5,33.43,400,33.5,4200,33.42,600,33.51,7300,33.4,300,33.53,1600,40.06,26.7,0.0,0.0
340,20241022,688690,1,纳微科技,21.55,21.47,2975300,63606961.34,0,21.47,21.45,300,21.47,10100,21.44,1600,21.490000000000002,100,21.43,22800,21.5,400,25.86,17.240000000000002,0.0,0.0
341,20241022,688728,1,格科微  ,17.17,17.01,5273143,88236875.43,0,16.89,16.87,48200,16.89,6500,16.86,900,16.93,16300,16.85,17900,16.94,24600,20.6,13.74,0.0,0.0
342,20241022,000001,2,平安银行,11.81,11.76,42461200,501036092.0,0,11.78,11.77,116500,11.78,281000,11.76,138100,11.790000000000001,322900,11.75,555600,11.8,287500,12.99,10.63,0.0,0.0
343,20241022,000002,2,万 科Ａ,9.19,9.11,37176800,342622776.0,0,9.18,9.17,188300,9.18,97000,9.16,213600,9.19,257600,9.15,1274500,9.200000000000001,389800,10.11,8.27,0.0,0.0
344,20241022,000063,2,中兴通讯,31.71,30.5,43917600,1326747414.0,0,30.22,30.22,139700,30.23,1800,30.21,32200,30.240000000000002,13800,30.2,107000,30.25,48400,34.88,28.54,0.0,0.0
345,20241022,000100,2,TCL科技,4.18,4.18,89240800,374741360.0,0,4.25,4.24,890100,4.25,9584500,4.23,1958800,4.26,5272600,4.22,1537700,4.2700000000000005,4533900,4.6000000000000005,3.7600000000000002,0.0,0.0
346,20241022,000157,2,中联重科,6.84,6.84,12052300,82716668.0,0,6.86,6.86,11000,6.87,164200,6.8500000000000005,441100,6.88,295000,6.84,463000,6.890000000000001,619400,7.5200000000000005,6.16,0.0,0.0
347,20241022,000166,2,申万宏源,5.25,5.24,33165600,174230414.0,0,5.2700000000000005,5.2700000000000005,152600,5.28,1572300,5.26,1023700,5.29,2088500,5.25,1586800,5.3,1975100,5.78,4.73,0.0,0.0
348,20241022,000301,2,东方盛虹,8.07,8.08,4603300,37163991.0,0,8.08,8.08,19800,8.09,145300,8.07,107800,8.1,257300,8.06,37700,8.11,86600,8.88,7.26,0.0,0.0
349,20241022,000333,2,美的集团,74.08,74.35000000000001,15929700,1210959078.0,0,76.27,76.27,300,76.29,700,76.26,2600,76.3,1000,76.24,200,76.32000000000001,400,81.49,66.67,0.0,0.0
350,20241022,000338,2,潍柴动力,13.53,13.5,16925100,228917625.0,0,13.530000000000001,13.52,12600,13.530000000000001,288800,13.51,96900,13.540000000000001,39400,13.5,153100,13.55,131900,14.88,12.18,0.0,0.0
351,20241022,000408,2,藏格矿业,27.48,27.22,3212900,88797073.0,0,27.68,27.67,900,27.68,4400,27.650000000000002,900,27.69,12800,27.64,6400,27.7,16100,30.23,24.73,0.0,0.0
352,20241022,000425,2,徐工机械,7.64,7.65,22099600,170741296.0,0,7.73,7.73,174000,7.74,105300,7.72,415000,7.75,512700,7.71,815300,7.76,374300,8.4,6.88,0.0,0.0
353,20241022,000538,2,云南白药,57.3,57.29,5782300,333530105.0,0,57.7,57.69,600,57.7,2400,57.68,30000,57.71,3400,57.67,700,57.72,400,63.03,51.57,0.0,0.0
354,20241022,000568,2,泸州老窖,134.21,134.29,7685500,1048827140.0,0,136.93,136.93,1400,136.95000000000002,5100,136.91,1000,136.96,700,136.9,200,136.97,2000,147.63,120.79,0.0,0.0
355,20241022,000596,2,古井贡酒,190.45,190.45000000000002,2255500,433699558.0,0,193.1,192.56,200,193.21,1000,192.55,200,193.32,500,192.53,200,193.36,800,209.5,171.41,0.0,0.0
356,20241022,000617,2,中油资本,8.92,9.25,102509100,928019115.0,0,8.9,8.89,98500,8.9,711700,8.88,247500,8.91,98600,8.870000000000001,141400,8.92,450800,9.81,8.03,0.0,0.0
357,20241022,000625,2,长安汽车,13.18,13.17,66116100,900840092.0,0,13.73,13.72,396300,13.73,83800,13.71,119300,13.74,528300,13.700000000000001,626500,13.75,783200,14.5,11.86,0.0,0.0
358,20241022,000651,2,格力电器,47.0,46.980000000000004,15219900,726721238.0,0,47.730000000000004,47.72,3500,47.730000000000004,2900,47.71,1300,47.74,28700,47.7,20100,47.75,200,51.7,42.300000000000004,0.0,0.0
359,20241022,000661,2,长春高新,103.52,103.52,3577900,372787366.0,0,104.75,104.76,1300,104.84,1000,104.75,300,104.86,6200,104.74000000000001,200,104.87,1100,113.87,93.17,0.0,0.0
360,20241022,000708,2,中信特钢,12.28,12.24,5732000,70492660.0,0,12.46,12.46,2700,12.47,22300,12.450000000000001,96800,12.48,44900,12.43,1800,12.49,25100,13.51,11.05,0.0,0.0
361,20241022,000725,2,京东方Ａ,4.23,4.23,136427000,576883505.0,0,4.28,4.2700000000000005,4509500,4.28,10928700,4.26,5325800,4.29,11458000,4.25,6094500,4.3,12575700,4.65,3.81,0.0,0.0
362,20241022,000733,2,振华科技,51.25,50.75,7884500,391344220.0,0,49.9,49.9,900,49.92,8500,49.870000000000005,1100,49.93,2100,49.85,200,49.97,1100,56.38,46.13,0.0,0.0
363,20241022,000768,2,中航西飞,29.59,29.5,7921500,233478482.0,0,29.47,29.46,5600,29.47,2000,29.45,6900,29.48,4800,29.43,200,29.490000000000002,1100,32.55,26.63,0.0,0.0
364,20241022,000776,2,广发证券,16.07,16.07,11886700,191523843.0,0,16.16,16.16,20100,16.17,114300,16.15,89300,16.18,262700,16.14,16200,16.19,185900,17.68,14.46,0.0,0.0
365,20241022,000786,2,北新建材,32.1,32.07,7645800,250573849.0,0,33.31,33.29,3100,33.31,65400,33.28,900,33.32,1200,33.27,2200,33.33,40600,35.31,28.89,0.0,0.0
366,20241022,000792,2,盐湖股份,17.22,17.18,7177800,123842782.0,0,17.240000000000002,17.240000000000002,6800,17.25,22500,17.23,14700,17.26,26200,17.22,23100,17.27,21500,18.94,15.5,0.0,0.0
367,20241022,000800,2,一汽解放,8.38,8.950000000000001,13507500,115901940.0,0,8.52,8.51,55000,8.52,205800,8.5,158500,8.53,78800,8.49,316700,8.540000000000001,8900,9.22,7.54,0.0,0.0
368,20241022,000807,2,云铝股份,14.77,14.67,12999500,193017376.0,0,14.93,14.91,12600,14.92,200,14.9,12400,14.93,13500,14.89,3400,14.94,6800,16.25,13.290000000000001,0.0,0.0
369,20241022,000858,2,五 粮 液,143.01,142.8,11631100,1687631033.0,0,145.70000000000002,145.67000000000002,300,145.70000000000002,300,145.66,900,145.71,300,145.63,2300,145.73,2800,157.31,128.71,0.0,0.0
370,20241022,000876,2,新 希 望,9.35,9.33,9019600,84708708.0,0,9.43,9.43,60700,9.44,5500,9.42,204000,9.450000000000001,141800,9.41,16900,9.46,97500,10.290000000000001,8.42,0.0,0.0
371,20241022,000895,2,双汇发展,24.55,24.55,4880400,120460112.0,0,24.68,24.67,1700,24.68,4000,24.66,1700,24.69,14300,24.650000000000002,4900,24.7,35100,27.01,22.1,0.0,0.0
372,20241022,000938,2,紫光股份,24.8,24.66,22071200,543306790.0,0,24.87,24.87,48600,24.88,14000,24.86,11100,24.89,79400,24.85,4300,24.900000000000002,243700,27.28,22.32,0.0,0.0
373,20241022,000963,2,华东医药,32.94,32.78,5829800,195460117.0,0,33.84,33.83,3100,33.85,15200,33.82,1900,33.86,5300,33.81,4500,33.87,5200,36.230000000000004,29.650000000000002,0.0,0.0
374,20241022,000977,2,浪潮信息,43.62,43.14,19982500,864099615.0,0,43.83,43.83,3100,43.87,2300,43.82,28400,43.88,13300,43.81,10100,43.89,15800,47.980000000000004,39.26,0.0,0.0
375,20241022,000983,2,山西焦煤,8.58,8.58,8312400,71607631.0,0,8.66,8.65,11800,8.66,12900,8.64,25300,8.67,339900,8.63,24900,8.68,372300,9.44,7.72,0.0,0.0
376,20241022,000999,2,华润三九,46.88,46.97,7130200,342667170.0,0,48.64,48.64,1700,48.65,3800,48.63,2100,48.660000000000004,1400,48.620000000000005,1300,48.68,2200,51.57,42.19,0.0,0.0
377,20241022,001289,2,龙源电力,15.37,15.42,2559300,40060739.0,0,15.72,15.72,6100,15.73,5300,15.71,15300,15.74,1300,15.700000000000001,31100,15.75,26100,16.91,13.83,0.0,0.0
378,20241022,001965,2,招商公路,12.07,11.99,10746900,131506716.0,0,12.36,12.35,2600,12.36,25300,12.34,314200,12.370000000000001,71600,12.33,300,12.38,112600,13.280000000000001,10.86,0.0,0.0
379,20241022,001979,2,招商蛇口,11.1,11.0,20047900,222315166.0,0,11.07,11.06,6100,11.07,46700,11.05,28900,11.08,31800,11.040000000000001,162000,11.09,47200,12.21,9.99,0.0,0.0
380,20241022,002001,2,新 和 成,24.02,24.02,10412600,252402204.0,0,24.48,24.47,200,24.48,3600,24.46,37300,24.490000000000002,28000,24.45,2200,24.5,115100,26.42,21.62,0.0,0.0
381,20241022,002007,2,华兰生物,16.18,16.18,5751200,93663055.0,0,16.26,16.26,9600,16.27,39000,16.25,600,16.28,8900,16.240000000000002,30800,16.29,1700,17.8,14.56,0.0,0.0
382,20241022,002027,2,分众传媒,7.0,6.96,56842900,411065472.0,0,7.42,7.42,13600,7.43,244400,7.41,59000,7.44,615800,7.4,231500,7.45,1108800,7.7,6.3,0.0,0.0
383,20241022,002049,2,紫光国微,72.74,71.96000000000001,10897800,778950172.0,0,71.63,71.62,800,71.63,62600,71.61,1500,71.64,1400,71.60000000000001,6000,71.65,600,80.01,65.47,0.0,0.0
384,20241022,002050,2,三花智控,21.9,21.900000000000002,29856000,675908571.0,0,23.26,23.23,5800,23.26,7800,23.22,1800,23.27,13100,23.21,11100,23.28,80200,24.09,19.71,0.0,0.0
385,20241022,002074,2,国轩高科,22.16,22.17,10763800,240206055.0,0,22.48,22.47,6200,22.48,26800,22.46,4100,22.490000000000002,31600,22.45,13700,22.5,100800,24.38,19.94,0.0,0.0
386,20241022,002129,2,TCL中环,9.81,9.64,36445800,349353374.0,0,9.74,9.73,40900,9.74,53000,9.72,71600,9.75,46800,9.71,48100,9.76,121000,10.790000000000001,8.83,0.0,0.0
387,20241022,002142,2,宁波银行,26.14,26.21,7596200,200459469.0,0,26.09,26.09,1900,26.1,5300,26.080000000000002,2100,26.11,400,26.07,2100,26.12,1500,28.75,23.53,0.0,0.0
388,20241022,002179,2,中航光电,44.93,45.0,4778600,211968378.0,0,44.24,44.24,6600,44.25,8000,44.2,200,44.29,800,44.160000000000004,1000,44.300000000000004,1600,49.42,40.44,0.0,0.0
389,20241022,002180,2,纳思达,28.6,28.55,8692200,247938661.0,0,28.55,28.51,100,28.55,2400,28.490000000000002,4700,28.560000000000002,1500,28.48,800,28.57,6100,31.46,25.740000000000002,0.0,0.0
390,20241022,002230,2,科大讯飞,46.18,46.0,14194600,645011121.0,0,45.81,45.82,1100,45.83,1300,45.800000000000004,4100,45.84,13400,45.79,4000,45.85,85300,50.800000000000004,41.56,0.0,0.0
391,20241022,002236,2,大华股份,16.89,16.8,13538700,225523383.0,0,16.78,16.77,174500,16.78,23600,16.76,66100,16.79,80900,16.75,26200,16.8,150100,18.580000000000002,15.200000000000001,0.0,0.0
392,20241022,002241,2,歌尔股份,23.68,23.5,34713600,829851314.0,0,24.53,24.52,5300,24.53,22600,24.51,5200,24.54,31100,24.5,16800,24.55,118200,26.05,21.31,0.0,0.0
393,20241022,002252,2,上海莱士,7.16,7.17,9100300,65639233.0,0,7.22,7.22,64600,7.23,260800,7.21,190500,7.24,241500,7.2,393200,7.25,575700,7.88,6.44,0.0,0.0
394,20241022,002271,2,东方雨虹,13.36,13.38,18666600,251736968.0,0,13.540000000000001,13.530000000000001,35400,13.540000000000001,51900,13.52,40000,13.55,30900,13.51,59900,13.56,45700,14.700000000000001,12.02,0.0,0.0
395,20241022,002304,2,洋河股份,85.19,84.99,4711000,406401515.0,0,86.60000000000001,86.59,2500,86.61,700,86.58,400,86.62,42000,86.55,200,86.63,1200,93.71000000000001,76.67,0.0,0.0
396,20241022,002311,2,海大集团,44.66,44.660000000000004,4422700,198098289.0,0,44.78,44.77,100,44.78,100,44.76,700,44.79,800,44.75,2800,44.800000000000004,500,49.13,40.19,0.0,0.0
397,20241022,002352,2,顺丰控股,42.3,42.28,5657600,240273479.0,0,42.52,42.51,2100,42.52,8400,42.5,300,42.53,35400,42.49,1300,42.54,33700,46.53,38.07,0.0,0.0
398,20241022,002371,2,北方华创,395.22,390.06,4683000,1857857173.0,0,400.42,400.43,200,400.74,300,400.42,1200,400.96000000000004,200,400.35,300,400.99,1200,434.74,355.7,0.0,0.0
399,20241022,002410,2,广联达,14.92,14.82,19890400,297388053.0,0,15.41,15.41,13400,15.43,2000,15.4,9500,15.44,26100,15.39,10800,15.450000000000001,48300,16.41,13.43,0.0,0.0
400,20241022,002415,2,海康威视,30.73,30.7,16230500,495774639.0,0,30.93,30.91,5800,30.92,300,30.900000000000002,23000,30.94,146900,30.89,8600,30.95,316600,33.8,27.66,0.0,0.0
401,20241022,002459,2,晶澳科技,15.08,15.24,42355200,639950431.0,0,15.58,15.57,32800,15.58,263300,15.56,19800,15.59,2400,15.55,27100,15.6,53300,16.59,13.57,0.0,0.0
402,20241022,002460,2,赣锋锂业,31.62,31.67,8574100,270610440.0,0,31.68,31.67,3300,31.68,16500,31.66,23000,31.69,10800,31.650000000000002,9300,31.7,37700,34.78,28.46,0.0,0.0
403,20241022,002466,2,天齐锂业,33.92,33.75,12391400,418779535.0,0,34.01,34.0,2500,34.01,16000,33.99,7500,34.02,18000,33.980000000000004,8600,34.03,11700,37.31,30.53,0.0,0.0
404,20241022,002475,2,立讯精密,45.42,45.42,19107200,872881439.0,0,46.42,46.42,2800,46.44,5200,46.410000000000004,1100,46.45,2400,46.4,44300,46.480000000000004,1300,49.96,40.88,0.0,0.0
405,20241022,002493,2,荣盛石化,9.12,9.13,8848200,80986876.0,0,9.17,9.16,87300,9.17,99600,9.15,146400,9.18,670600,9.14,72000,9.19,176200,10.03,8.21,0.0,0.0
406,20241022,002555,2,三七互娱,17.0,17.05,18206100,310329016.0,0,17.240000000000002,17.23,1100,17.240000000000002,23900,17.22,18100,17.25,266000,17.21,21300,17.26,89300,18.7,15.3,0.0,0.0
407,20241022,002594,2,比亚迪,306.45,305.0,4219400,1296617281.0,0,306.89,306.85,200,306.90000000000003,5200,306.82,100,306.94,1000,306.8,300,306.97,400,337.1,275.81,0.0,0.0
408,20241022,002601,2,龙佰集团,18.9,18.900000000000002,5573600,106370531.0,0,19.13,19.12,14900,19.13,12300,19.11,34800,19.14,66500,19.1,28700,19.150000000000002,33500,20.79,17.01,0.0,0.0
409,20241022,002603,2,以岭药业,16.89,16.9,8933400,154458111.0,0,17.43,17.42,13600,17.43,100,17.41,42400,17.44,39800,17.400000000000002,70600,17.45,84900,18.580000000000002,15.200000000000001,0.0,0.0
410,20241022,002648,2,卫星化学,18.29,18.47,13439800,254325590.0,0,19.01,19.0,300,19.01,15000,18.990000000000002,42800,19.02,10900,18.98,7100,19.03,17500,20.12,16.46,0.0,0.0
411,20241022,002709,2,天赐材料,16.69,16.71,12651400,211038688.0,0,16.87,16.86,15100,16.87,27200,16.85,9900,16.88,12400,16.84,30600,16.89,31800,18.36,15.02,0.0,0.0
412,20241022,002714,2,牧原股份,43.22,43.0,11190200,484660465.0,0,43.35,43.34,1400,43.35,2200,43.33,2400,43.36,4700,43.32,3700,43.37,200,47.54,38.9,0.0,0.0
413,20241022,002736,2,国信证券,11.6,11.6,8892900,103221607.0,0,11.59,11.59,1100,11.6,400,11.58,52200,11.61,76100,11.57,102900,11.620000000000001,131700,12.76,10.44,0.0,0.0
414,20241022,002812,2,恩捷股份,32.67,32.53,5457100,178197089.0,0,32.93,32.92,1700,32.94,7100,32.910000000000004,8700,32.95,12400,32.9,30100,32.96,3400,35.94,29.400000000000002,0.0,0.0
415,20241022,002821,2,凯莱英,76.46,76.29,2298400,177051304.0,0,77.44,77.44,1300,77.45,3300,77.36,500,77.46000000000001,1600,77.35000000000001,3300,77.47,1000,84.11,68.81,0.0,0.0
416,20241022,002841,2,视源股份,37.04,37.160000000000004,3762900,143647605.0,0,39.19,39.160000000000004,2500,39.19,900,39.15,4200,39.2,24100,39.12,4700,39.22,400,40.74,33.34,0.0,0.0
417,20241022,002916,2,深南电路,112.7,112.3,4536600,519602995.0,0,115.36,115.25,300,115.3,200,115.21000000000001,200,115.36,300,115.17,400,115.37,600,123.97,101.43,0.0,0.0
418,20241022,002920,2,德赛西威,118.15,116.96000000000001,3540300,423849792.0,0,122.53,122.53,3500,122.54,3600,122.52,2800,122.58,1400,122.51,5800,122.60000000000001,1300,129.97,106.34,0.0,0.0
419,20241022,002938,2,鹏鼎控股,36.25,36.28,12346600,455755857.0,0,37.83,37.83,1400,37.84,5300,37.82,400,37.85,300,37.800000000000004,1300,37.86,200,39.88,32.63,0.0,0.0
420,20241022,003816,2,中国广核,4.18,4.17,49932200,210366517.0,0,4.26,4.25,2487000,4.26,2846500,4.24,726300,4.2700000000000005,3046700,4.23,1125700,4.279999999999999,2449400,4.6000000000000005,3.7600000000000002,0.0,0.0
421,20241022,300014,2,亿纬锂能,45.84,45.39,11995800,544134932.0,0,45.43,45.42,3100,45.44,300,45.410000000000004,800,45.45,7700,45.4,2100,45.46,5700,55.01,36.67,0.0,0.0
422,20241022,300015,2,爱尔眼科,14.82,14.68,37063900,554748731.0,0,15.030000000000001,15.02,117900,15.030000000000001,38800,15.01,84700,15.040000000000001,37000,15.0,112400,15.05,72400,17.78,11.86,0.0,0.0
423,20241022,300033,2,同花顺,200.72,200.67000000000002,6293500,1274297806.0,0,203.0,202.99,1500,203.0,3100,202.72,700,203.03,600,202.70000000000002,500,203.07,400,240.86,160.58,0.0,0.0
424,20241022,300059,2,东方财富,22.25,22.1,138941700,3131914778.0,0,22.71,22.71,153800,22.72,270400,22.7,390200,22.73,421500,22.69,493900,22.740000000000002,243200,26.7,17.8,0.0,0.0
425,20241022,300122,2,智飞生物,32.73,32.980000000000004,13472900,441420849.0,0,32.68,32.68,1000,32.69,16500,32.67,6600,32.7,10800,32.660000000000004,63500,32.71,7800,39.28,26.18,0.0,0.0
426,20241022,300124,2,汇川技术,58.0,57.870000000000005,11435900,652831784.0,0,57.54,57.54,400,57.6,9400,57.53,700,57.61,1200,57.52,600,57.620000000000005,2100,69.60000000000001,46.4,0.0,0.0
427,20241022,300142,2,沃森生物,14.9,14.89,9833100,146602581.0,0,14.99,14.98,4300,14.99,15100,14.97,6400,15.0,63600,14.950000000000001,5200,15.01,9000,17.88,11.92,0.0,0.0
428,20241022,300223,2,北京君正,73.61,73.56,6962500,510747404.0,0,73.7,73.67,1000,73.7,1300,73.65,3700,73.72,400,73.64,2900,73.73,600,88.33,58.89,0.0,0.0
429,20241022,300274,2,阳光电源,94.19,92.8,12153500,1113564819.0,0,92.13,92.13,2500,92.14,1900,92.12,13900,92.15,2700,92.11,1100,92.16,1500,113.03,75.35000000000001,0.0,0.0
430,20241022,300308,2,中际旭创,164.97,169.0,12213400,2041664438.0,0,168.70000000000002,168.67000000000002,400,168.70000000000002,1900,168.61,1400,168.74,600,168.6,9500,168.75,22700,197.96,131.98,0.0,0.0
431,20241022,300316,2,晶盛机电,36.68,36.51,10472200,383697486.0,0,36.85,36.800000000000004,2000,36.85,2200,36.79,800,36.86,400,36.78,19500,36.87,2000,44.02,29.34,0.0,0.0
432,20241022,300347,2,泰格医药,65.91,64.8,5852800,391140220.0,0,67.94,67.94,400,67.96000000000001,3700,67.9,1500,67.98,1600,67.89,500,67.99,2100,79.09,52.730000000000004,0.0,0.0
433,20241022,300408,2,三环集团,36.28,36.7,5147300,187087649.0,0,36.81,36.81,1200,36.82,10800,36.800000000000004,18400,36.84,900,36.79,11600,36.85,2300,43.54,29.02,0.0,0.0
434,20241022,300413,2,芒果超媒,24.99,24.95,9568300,242512910.0,0,25.67,25.67,4700,25.68,20400,25.66,26000,25.69,25400,25.650000000000002,8000,25.7,33600,29.990000000000002,19.990000000000002,0.0,0.0
435,20241022,300418,2,昆仑万维,42.28,42.4,31586400,1376722449.0,0,44.12,44.12,6700,44.14,200,44.11,9400,44.160000000000004,2500,44.1,4900,44.17,600,50.74,33.82,0.0,0.0
436,20241022,300433,2,蓝思科技,23.21,23.07,27939500,650549851.0,0,24.23,24.22,600,24.23,86800,24.21,3300,24.240000000000002,28100,24.2,5000,24.25,148000,27.85,18.57,0.0,0.0
437,20241022,300442,2,润泽科技,34.11,33.910000000000004,9412900,315858659.0,0,34.15,34.13,1400,34.15,1100,34.12,1300,34.160000000000004,1500,34.11,2400,34.17,6000,40.93,27.29,0.0,0.0
438,20241022,300450,2,先导智能,19.22,18.990000000000002,10622300,201415596.0,0,19.12,19.11,9500,19.12,39900,19.1,23000,19.13,15200,19.09,31500,19.14,11500,23.06,15.38,0.0,0.0
439,20241022,300454,2,深信服,67.87,67.0,3547000,238054042.0,0,67.28,67.28,800,67.29,200,67.22,200,67.3,1900,67.21000000000001,8500,67.33,3500,81.44,54.300000000000004,0.0,0.0
440,20241022,300496,2,中科创达,65.5,65.0,8300100,531084444.0,0,63.99,63.97,1800,63.99,19900,63.96,1300,64.02,1900,63.95,11100,64.04,1000,78.60000000000001,52.4,0.0,0.0
441,20241022,300498,2,温氏股份,18.87,18.63,14238300,267940199.0,0,18.88,18.87,5500,18.88,2200,18.86,17700,18.89,81100,18.85,8000,18.900000000000002,67000,22.64,15.1,0.0,0.0
442,20241022,300628,2,亿联网络,40.19,40.45,4709800,187409162.0,0,39.87,39.87,1700,39.88,2000,39.86,1700,39.89,4600,39.85,600,39.9,13600,48.230000000000004,32.15,0.0,0.0
443,20241022,300661,2,圣邦股份,97.33,95.5,3699600,353835836.0,0,95.42,95.42,100,95.56,500,95.4,900,95.60000000000001,1000,95.39,6100,95.8,1000,116.8,77.86,0.0,0.0
444,20241022,300750,2,宁德时代,253.36,254.0,8236100,2072332460.0,0,250.65,250.65,300,250.67000000000002,200,250.64000000000001,100,250.70000000000002,2300,250.61,600,250.78,400,304.03000000000003,202.69,0.0,0.0
445,20241022,300751,2,迈为股份,105.24,102.0,3158400,324347920.0,0,103.88,103.85000000000001,200,103.88,3200,103.82000000000001,600,104.01,800,103.8,1700,104.02,6100,126.29,84.19,0.0,0.0
446,20241022,300759,2,康龙化成,28.3,27.98,20292200,581117689.0,0,29.01,29.03,800,29.04,1400,29.01,2600,29.05,10600,29.0,800,29.060000000000002,3900,33.96,22.64,0.0,0.0
447,20241022,300760,2,迈瑞医疗,268.1,267.0,3372600,914966594.0,0,272.26,272.0,100,272.35,1200,271.99,300,272.37,500,271.97,400,272.38,600,321.72,214.48000000000002,0.0,0.0
448,20241022,300782,2,卓胜微,108.9,106.16,7312900,787459258.0,0,107.5,107.51,200,107.68,700,107.5,10900,107.69,400,107.48,2100,107.7,2400,130.68,87.12,0.0,0.0
449,20241022,300832,2,新产业,67.29,67.5,3239300,219691859.0,0,68.57000000000001,68.56,200,68.57000000000001,1600,68.54,400,68.60000000000001,2300,68.52,300,68.61,600,80.75,53.83,0.0,0.0
450,20241022,300896,2,爱美客,217.42,215.8,2898400,639309087.0,0,221.29,221.27,300,221.29,100,221.26,200,221.31,200,221.07,300,221.32,3700,260.9,173.94,0.0,0.0
451,20241022,300919,2,中伟股份,38.51,38.38,4805400,183320311.0,0,38.35,38.34,1800,38.35,5100,38.33,4700,38.37,400,38.32,8500,38.38,1400,46.21,30.810000000000002,0.0,0.0
452,20241022,300957,2,贝泰妮,53.5,53.54,2475800,132997196.0,0,54.27,54.25,1600,54.27,2700,54.24,600,54.29,500,54.230000000000004,1200,54.300000000000004,1500,64.2,42.800000000000004,0.0,0.0
453,20241022,300979,2,华利集团,70.02,69.94,1450000,100996630.0,0,69.99,69.88,300,69.99,400,69.87,200,70.0,400,69.83,900,70.02,8600,84.02,56.02,0.0,0.0
454,20241022,300999,2,金龙鱼,33.31,33.1,4500200,150344860.0,0,33.42,33.410000000000004,1300,33.42,73000,33.4,2400,33.45,300,33.39,5500,33.47,1300,39.97,26.650000000000002,0.0,0.0
455,20241022,301269,2,华大九天,100.06,98.01,2597100,254281896.0,0,100.02,100.04,500,100.08,500,100.0,3000,100.10000000000001,200,99.92,300,100.15,1100,120.07000000000001,80.05,0.0,0.0
456,20241022,600009,1,上海机场,34.98,34.980000000000004,3451600,120582488.0,0,34.96,34.95,5100,34.96,5600,34.94,18700,34.97,1400,34.93,4300,34.980000000000004,7700,38.480000000000004,31.48,0.0,0.0
457,20241022,600010,1,包钢股份,1.61,1.61,55511600,90039874.0,0,1.6300000000000001,1.62,116400,1.6300000000000001,35352100,1.61,37069000,1.6400000000000001,29820400,1.6,36904200,1.6500000000000001,22786500,1.77,1.45,0.0,0.0
458,20241022,600011,1,华能国际,7.01,7.03,30051800,215305784.0,0,7.28,7.2700000000000005,678300,7.28,215000,7.26,610500,7.29,1122400,7.25,421700,7.3,1145600,7.71,6.3100000000000005,0.0,0.0
459,20241022,600016,1,民生银行,3.91,3.9,34304400,134091865.0,0,3.89,3.89,2631600,3.9,4817800,3.88,10515100,3.91,4838900,3.87,8144000,3.92,5889100,4.3,3.52,0.0,0.0
460,20241022,600023,1,浙能电力,6.12,6.12,12254500,75742765.0,0,6.21,6.21,84400,6.22,105100,6.2,26800,6.23,305600,6.19,181400,6.24,441200,6.73,5.51,0.0,0.0
461,20241022,600026,1,中远海能,13.3,13.31,13474400,181605926.0,0,13.38,13.370000000000001,21200,13.38,45100,13.36,133600,13.39,95600,13.35,186000,13.4,551200,14.63,11.97,0.0,0.0
462,20241022,600027,1,华电国际,5.54,5.51,29655400,167082457.0,0,5.7,5.69,41300,5.7,599800,5.68,64600,5.71,951300,5.67,225300,5.72,628100,6.09,4.99,0.0,0.0
463,20241022,600029,1,南方航空,5.88,5.84,6902700,40484896.0,0,5.86,5.86,351200,5.87,109400,5.8500000000000005,610400,5.88,381100,5.84,876900,5.89,440000,6.47,5.29,0.0,0.0
464,20241022,600111,1,北方稀土,19.9,20.04,17637200,354860540.0,0,20.09,20.080000000000002,20000,20.09,100,20.07,30300,20.1,22500,20.06,16600,20.11,5500,21.89,17.91,0.0,0.0
465,20241022,600115,1,中国东航,3.61,3.6,17934200,64675723.0,0,3.62,3.61,1048100,3.62,4084800,3.6,3045200,3.63,2151900,3.59,2381900,3.64,1856200,3.97,3.25,0.0,0.0
466,20241022,600176,1,中国巨石,10.44,10.450000000000001,8054500,84152091.0,0,10.48,10.47,10000,10.48,516000,10.46,37800,10.49,63400,10.450000000000001,129800,10.5,194800,11.48,9.4,0.0,0.0
467,20241022,600188,1,兖矿能源,16.14,16.14,9405200,151414336.0,0,16.16,16.15,26300,16.16,40100,16.14,55100,16.17,19900,16.13,24000,16.18,77100,17.75,14.530000000000001,0.0,0.0
468,20241022,600362,1,江西铜业,23.03,22.67,7000600,160029320.0,0,22.98,22.97,8900,22.98,10400,22.96,14200,22.990000000000002,17800,22.95,3000,23.0,23000,25.330000000000002,20.73,0.0,0.0
469,20241022,600426,1,华鲁恒升,23.35,23.31,5606600,132299670.0,0,23.69,23.68,4100,23.69,8800,23.67,30200,23.7,25200,23.66,14300,23.71,6300,25.69,21.02,0.0,0.0
470,20241022,600460,1,士兰微  ,26.71,26.21,41539900,1149418170.0,0,29.38,29.38,33700300,0.0,0,29.37,25500,0.0,0,29.36,65300,0.0,0,29.38,24.04,0.0,0.0
471,20241022,600515,1,海南机场,3.33,3.3200000000000003,11501400,38434828.0,0,3.35,3.34,622400,3.35,1638800,3.33,2004800,3.36,1510800,3.3200000000000003,1300900,3.37,1177400,3.66,3.0,0.0,0.0
472,20241022,600547,1,山东黄金,28.86,28.7,10526000,302496100.0,0,28.71,28.69,5800,28.7,300,28.68,19600,28.71,1100,28.67,21300,28.72,3300,31.75,25.97,0.0,0.0
473,20241022,600584,1,长电科技,39.95,39.38,19518400,767150663.0,0,39.44,39.4,1800,39.44,3200,39.39,5100,39.45,600,39.38,9600,39.46,18300,43.95,35.96,0.0,0.0
474,20241022,600588,1,用友网络,11.51,11.51,13437500,151084190.0,0,11.31,11.3,4000,11.31,500,11.290000000000001,73500,11.32,34700,11.28,3500,11.33,81200,12.66,10.36,0.0,0.0
475,20241022,600795,1,国电电力,5.03,5.05,68591300,354261499.0,0,5.24,5.23,553400,5.24,1979300,5.22,1183300,5.25,3869300,5.21,306800,5.26,2169600,5.53,4.53,0.0,0.0
476,20241022,600837,1,海通证券,12.4,12.08,64959100,788720466.0,0,12.15,12.14,70300,12.15,15500,12.13,127600,12.16,31800,12.120000000000001,44800,12.17,71300,13.64,11.16,0.0,0.0
477,20241022,600845,1,宝信软件,29.29,29.02,6345500,183438280.0,0,29.150000000000002,29.150000000000002,6700,29.17,2000,29.14,136500,29.18,30500,29.13,2100,29.19,9000,32.22,26.36,0.0,0.0
478,20241022,600875,1,东方电气,14.8,14.76,13125100,197368080.0,0,15.18,15.17,44800,15.18,19100,15.16,13500,15.19,28200,15.15,17100,15.200000000000001,72800,16.28,13.32,0.0,0.0
479,20241022,600905,1,三峡能源,4.49,4.48,28295900,127565602.0,0,4.53,4.5200000000000005,3695100,4.53,4902800,4.51,2350000,4.54,2679000,4.5,2106800,4.55,3566200,4.94,4.04,0.0,0.0
480,20241022,600918,1,中泰证券,6.86,6.8,11955800,81422172.0,0,6.8100000000000005,6.8,53900,6.8100000000000005,44600,6.79,49600,6.82,96400,6.78,214200,6.83,106400,7.55,6.17,0.0,0.0
481,20241022,601006,1,大秦铁路,6.72,6.71,17749400,119776578.0,0,6.7700000000000005,6.76,167700,6.7700000000000005,1741900,6.75,615500,6.78,3119300,6.74,1027800,6.79,2518400,7.390000000000001,6.05,0.0,0.0
482,20241022,601059,1,信达证券,15.17,15.17,6994000,106538519.0,0,15.35,15.34,200,15.35,44100,15.33,25600,15.36,60600,15.32,40700,15.370000000000001,27700,16.69,13.65,0.0,0.0
483,20241022,601111,1,中国国航,6.95,6.94,8496100,59046513.0,0,6.96,6.95,159700,6.96,476900,6.94,520400,6.97,479400,6.93,845900,6.98,455700,7.65,6.26,0.0,0.0
484,20241022,601186,1,中国铁建,9.48,9.41,15760600,147831488.0,0,9.39,9.38,549000,9.39,95300,9.370000000000001,83200,9.4,203400,9.36,60800,9.41,79300,10.43,8.53,0.0,0.0
485,20241022,601236,1,红塔证券,8.28,8.28,10498000,86917578.0,0,8.290000000000001,8.28,148300,8.290000000000001,15300,8.27,63700,8.3,365100,8.26,148600,8.31,274800,9.11,7.45,0.0,0.0
486,20241022,601336,1,新华保险,49.4,49.45,9264800,461708264.0,0,49.29,49.28,300,49.29,800,49.27,1100,49.300000000000004,2900,49.22,2300,49.32,200,54.34,44.46,0.0,0.0
487,20241022,601360,1,三六零  ,8.68,8.65,22416300,192839637.0,0,8.67,8.66,407800,8.67,40600,8.65,155200,8.68,347300,8.64,119500,8.69,220600,9.55,7.8100000000000005,0.0,0.0
488,20241022,601688,1,华泰证券,17.34,17.28,22782200,395226016.0,0,17.38,17.37,24600,17.38,92600,17.36,125800,17.39,99600,17.35,40300,17.400000000000002,122900,19.07,15.610000000000001,0.0,0.0
489,20241022,601698,1,中国卫通,18.03,18.28,14954400,263375212.0,0,17.740000000000002,17.7,1700,17.740000000000002,7700,17.68,700,17.75,2200,17.67,1700,17.76,11100,19.830000000000002,16.23,0.0,0.0
490,20241022,601699,1,潞安环能,15.95,15.950000000000001,6993700,111847045.0,0,16.05,16.05,41300,16.06,6200,16.04,13100,16.07,19600,16.03,16100,16.080000000000002,22600,17.55,14.36,0.0,0.0
491,20241022,601788,1,光大证券,17.44,17.48,11030900,192706478.0,0,17.51,17.51,18200,17.52,103400,17.5,33000,17.53,84300,17.490000000000002,12000,17.54,71700,19.18,15.700000000000001,0.0,0.0
492,20241022,601808,1,中海油服,15.33,15.34,2611400,40294307.0,0,15.43,15.42,1100,15.43,8500,15.41,700,15.44,7600,15.4,3800,15.450000000000001,15200,16.86,13.8,0.0,0.0
493,20241022,601838,1,成都银行,15.75,15.69,9544100,150644932.0,0,15.69,15.69,39000,15.700000000000001,38800,15.68,68400,15.71,63700,15.67,15900,15.72,76600,17.330000000000002,14.18,0.0,0.0
494,20241022,601868,1,中国能建,2.35,2.35,57332300,134208119.0,0,2.35,2.34,9520100,2.35,29655900,2.33,36058000,2.36,18981700,2.32,19848300,2.37,12376600,2.59,2.12,0.0,0.0
495,20241022,601872,1,招商轮船,7.18,7.140000000000001,15295800,109782576.0,0,7.18,7.18,152000,7.19,172000,7.17,171400,7.2,847500,7.16,1025900,7.21,122200,7.9,6.46,0.0,0.0
496,20241022,601877,1,正泰电器,21.03,20.91,5593700,117585503.0,0,21.19,21.18,3100,21.19,3900,21.17,10700,21.2,30800,21.16,8900,21.21,10500,23.13,18.93,0.0,0.0
497,20241022,601878,1,浙商证券,13.33,13.31,15984100,213488907.0,0,13.38,13.38,29500,13.39,151900,13.370000000000001,45100,13.4,369500,13.36,79200,13.41,362800,14.66,12.0,0.0,0.0
498,20241022,601901,1,方正证券,8.4,8.4,19037600,160274470.0,0,8.45,8.45,55800,8.46,542800,8.44,40400,8.47,679600,8.43,87100,8.48,637500,9.24,7.5600000000000005,0.0,0.0
499,20241022,601916,1,浙商银行,2.91,2.91,28989600,84423876.0,0,2.89,2.89,8736800,2.9,484400,2.88,10924800,2.91,4644400,2.87,3963100,2.92,4201200,3.2,2.62,0.0,0.0
500,20241022,601989,1,中国重工,5.14,5.13,16857400,85923470.0,0,5.09,5.08,522100,5.09,672100,5.07,3028000,5.1000000000000005,1066800,5.0600000000000005,2909800,5.11,1288600,5.65,4.63,0.0,0.0
501,20241022,601995,1,中金公司,35.86,36.4,14782600,539578263.0,0,36.42,36.42,25100,36.43,700,36.410000000000004,146900,36.44,10000,36.4,3400,36.45,1500,39.45,32.27,0.0,0.0
502,20241022,603019,1,中科曙光,56.37,55.0,20122600,1113195887.0,0,55.64,55.63,600,55.64,9100,55.620000000000005,9500,55.67,200,55.61,7400,55.68,1100,62.01,50.730000000000004,0.0,0.0
503,20241022,603296,1,华勤技术,60.0,59.4,2687200,157217574.0,0,58.44,58.42,100,58.44,1200,58.4,600,58.45,1000,58.39,1700,58.46,1300,66.0,54.0,0.0,0.0
504,20241022,603659,1,璞泰来  ,14.23,14.1,12353400,178675716.0,0,14.76,14.75,6300,14.76,17400,14.74,24300,14.77,34100,14.73,3100,14.780000000000001,80000,15.65,12.81,0.0,0.0
505,20241022,603799,1,华友钴业,30.76,30.52,13287900,405831469.0,0,30.64,30.63,500,30.64,10000,30.62,4400,30.650000000000002,19900,30.61,4300,30.66,74600,33.84,27.68,0.0,0.0
506,20241022,605117,1,德业股份,83.4,83.4,4507700,375816189.0,0,84.36,84.35000000000001,4000,84.37,1300,84.34,600,84.39,1600,84.32000000000001,800,84.4,4800,91.74,75.06,0.0,0.0
507,20241022,688008,1,澜起科技,69.93,70.0,15675587,1101269840.42,0,71.35000000000001,71.33,2100,71.35000000000001,9700,71.32000000000001,5600,71.36,500,71.31,11500,71.37,1100,83.92,55.94,0.0,0.0
508,20241022,688082,1,盛美上海,115.93,114.5,1780400,199425178.0,0,112.65,112.48,500,112.65,900,112.47,500,112.73,300,112.35000000000001,300,112.75,200,139.12,92.74,0.0,0.0
509,20241022,688187,1,时代电气,52.9,53.0,2437108,128541115.0,0,52.38,52.35,100,52.38,1000,52.34,300,52.39,700,52.33,500,52.410000000000004,1600,63.480000000000004,42.32,0.0,0.0
510,20241022,688223,1,晶科能源,8.9,8.77,17976754,152896918.79999995,0,8.56,8.55,61400,8.56,74400,8.540000000000001,88000,8.57,82300,8.53,87200,8.58,50400,10.68,7.12,0.0,0.0
511,20241022,688256,1,寒武纪  ,444.0,430.01,4227258,1835186647.58,0,434.39,433.5,3100,434.38,300,433.07,1600,434.39,500,433.05,1400,434.40000000000003,400,532.8,355.2,0.0,0.0
512,20241022,688396,1,华润微  ,54.45,54.86,5166365,274181862.67999995,0,53.410000000000004,53.38,2200,53.410000000000004,4200,53.34,1400,53.43,2000,53.27,600,53.46,600,65.34,43.56,0.0,0.0
513,20241022,000009,2,中国宝安,8.77,8.76,6313500,55436564.0,0,8.82,8.82,74700,8.83,103800,8.81,26100,8.84,143600,8.8,32400,8.85,156500,9.65,7.890000000000001,0.0,0.0
514,20241022,000021,2,深科技,17.52,18.0,24545800,433406693.0,0,17.740000000000002,17.740000000000002,5000,17.75,89400,17.73,11700,17.76,34000,17.72,15700,17.77,52300,19.27,15.77,0.0,0.0
515,20241022,000027,2,深圳能源,6.62,6.62,6100800,40474098.0,0,6.67,6.66,337000,6.67,198000,6.65,119200,6.68,276800,6.640000000000001,169000,6.69,240700,7.28,5.96,0.0,0.0
516,20241022,000031,2,大悦城,3.0,3.0,7416900,22425209.0,0,3.0500000000000003,3.04,76200,3.0500000000000003,674900,3.0300000000000002,178500,3.06,233700,3.02,592400,3.0700000000000003,110300,3.3000000000000003,2.7,0.0,0.0
517,20241022,000032,2,深桑达Ａ,18.54,18.48,14652500,272920995.0,0,18.71,18.71,1600,18.72,5000,18.7,4200,18.73,7800,18.69,500,18.740000000000002,15300,20.39,16.69,0.0,0.0
518,20241022,000039,2,中集集团,8.27,8.24,10675200,88290356.0,0,8.27,8.27,57000,8.28,270900,8.26,45800,8.290000000000001,96600,8.25,71100,8.3,121300,9.1,7.44,0.0,0.0
519,20241022,000050,2,深天马Ａ,7.66,7.72,11729800,90774142.0,0,8.01,7.99,17700,8.01,52400,7.98,13500,8.02,11100,7.97,9600,8.03,10600,8.43,6.890000000000001,0.0,0.0
520,20241022,000060,2,中金岭南,4.74,4.71,14779500,70311527.0,0,4.76,4.75,131000,4.76,164400,4.74,229300,4.7700000000000005,399300,4.73,701800,4.78,473700,5.21,4.2700000000000005,0.0,0.0
521,20241022,000066,2,中国长城,11.02,10.8,32990600,351368621.0,0,10.63,10.620000000000001,4300,10.63,11300,10.61,26700,10.64,51200,10.6,104700,10.65,49900,12.120000000000001,9.92,0.0,0.0
522,20241022,000155,2,川能动力,11.37,11.38,5234500,59269075.0,0,11.35,11.34,55300,11.35,68200,11.33,50100,11.36,15800,11.32,43600,11.370000000000001,24000,12.51,10.23,0.0,0.0
523,20241022,000156,2,华数传媒,7.07,7.0600000000000005,5659300,40456308.0,0,7.24,7.24,11300,7.25,68300,7.23,11900,7.26,15200,7.22,17000,7.2700000000000005,10700,7.78,6.36,0.0,0.0
524,20241022,000400,2,许继电气,30.28,30.23,8304800,257305246.0,0,31.310000000000002,31.3,800,31.310000000000002,10500,31.29,100,31.32,10300,31.28,2200,31.330000000000002,26600,33.31,27.25,0.0,0.0
525,20241022,000401,2,冀东水泥,5.21,5.21,3260900,16998614.0,0,5.2,5.2,29000,5.21,22000,5.19,78600,5.22,43900,5.18,83200,5.23,12500,5.73,4.69,0.0,0.0
526,20241022,000423,2,东阿阿胶,59.34,59.300000000000004,3531400,211512628.0,0,60.32,60.31,300,60.33,10900,60.300000000000004,300,60.35,1300,60.29,2200,60.36,21400,65.27,53.410000000000004,0.0,0.0
527,20241022,000513,2,丽珠集团,38.5,38.410000000000004,2914100,112553246.0,0,38.68,38.7,200,38.71,2200,38.68,500,38.72,1400,38.67,2000,38.730000000000004,700,42.35,34.65,0.0,0.0
528,20241022,000519,2,中兵红箭,15.64,15.5,12738500,194714288.0,0,15.34,15.34,22100,15.35,22800,15.33,23100,15.36,17000,15.32,8900,15.370000000000001,13800,17.2,14.08,0.0,0.0
529,20241022,000537,2,中绿电,8.79,8.78,4202600,37130362.0,0,8.91,8.9,46700,8.91,38400,8.89,2800,8.92,62400,8.88,17700,8.93,95700,9.67,7.91,0.0,0.0
530,20241022,000539,2,粤电力Ａ,4.63,4.65,8358600,39173797.0,0,4.69,4.68,322800,4.69,1900,4.67,448400,4.7,307600,4.66,352500,4.71,262300,5.09,4.17,0.0,0.0
531,20241022,000559,2,万向钱潮,5.29,5.3100000000000005,6465500,34537611.0,0,5.36,5.3500000000000005,75200,5.36,367600,5.34,51500,5.37,304700,5.33,134100,5.38,518400,5.82,4.76,0.0,0.0
532,20241022,000563,2,陕国投Ａ,3.56,3.5300000000000002,33925700,119703319.0,0,3.52,3.52,633500,3.5300000000000002,998400,3.5100000000000002,783700,3.54,879700,3.5,1945600,3.5500000000000003,676800,3.92,3.2,0.0,0.0
533,20241022,000591,2,太阳能,4.78,4.78,11295500,54251162.0,0,4.79,4.79,186000,4.8,866400,4.78,1413700,4.8100000000000005,662700,4.7700000000000005,714200,4.82,652900,5.26,4.3,0.0,0.0
534,20241022,000598,2,兴蓉环境,7.3,7.3,11619400,86936546.0,0,7.47,7.47,84000,7.48,18900,7.46,159600,7.49,13800,7.45,261200,7.5,123000,8.03,6.57,0.0,0.0
535,20241022,000623,2,吉林敖东,16.74,16.73,4787800,80361790.0,0,16.8,16.79,11100,16.8,46600,16.78,12500,16.81,63000,16.77,12900,16.82,53000,18.41,15.07,0.0,0.0
536,20241022,000629,2,钒钛股份,2.69,2.68,44961600,122214662.0,0,2.75,2.74,583200,2.75,6121000,2.73,2207000,2.7600000000000002,3501300,2.72,2406500,2.77,2190600,2.96,2.42,0.0,0.0
537,20241022,000630,2,铜陵有色,3.52,3.49,45766800,160465516.0,0,3.52,3.5100000000000002,1278700,3.52,1534400,3.5,4036700,3.5300000000000002,3690700,3.49,3375800,3.54,4052700,3.87,3.17,0.0,0.0
538,20241022,000636,2,风华高科,16.24,16.25,7771800,126617311.0,0,16.39,16.38,36800,16.39,104300,16.36,700,16.4,21500,16.35,7800,16.41,13000,17.86,14.620000000000001,0.0,0.0
539,20241022,000683,2,远兴能源,6.04,6.08,23591000,147167120.0,0,6.29,6.29,78100,6.3,1379300,6.28,46800,6.3100000000000005,593800,6.2700000000000005,133700,6.32,642900,6.640000000000001,5.44,0.0,0.0
540,20241022,000703,2,恒逸石化,6.26,6.25,4225900,26419371.0,0,6.26,6.26,64900,6.2700000000000005,46600,6.25,17700,6.28,106200,6.24,115000,6.29,107200,6.890000000000001,5.63,0.0,0.0
541,20241022,000709,2,河钢股份,2.12,2.12,12350200,26201937.0,0,2.12,2.11,5349700,2.12,1023100,2.1,5223000,2.13,3875600,2.09,2778300,2.14,4623400,2.33,1.9100000000000001,0.0,0.0
542,20241022,000723,2,美锦能源,4.55,4.55,14403300,65748136.0,0,4.6000000000000005,4.59,110400,4.6000000000000005,463600,4.58,261400,4.61,926400,4.57,482900,4.62,690800,5.01,4.1,0.0,0.0
543,20241022,000728,2,国元证券,8.19,8.21,13742700,113562647.0,0,8.3,8.290000000000001,26300,8.3,157900,8.28,79800,8.31,188500,8.27,40700,8.32,171600,9.01,7.37,0.0,0.0
544,20241022,000729,2,燕京啤酒,10.52,10.52,6221300,66472950.0,0,10.790000000000001,10.78,31000,10.790000000000001,140300,10.77,30600,10.8,365200,10.76,18300,10.81,13900,11.57,9.47,0.0,0.0
545,20241022,000738,2,航发控制,22.84,22.830000000000002,4969300,112724779.0,0,22.830000000000002,22.82,2900,22.87,400,22.81,800,22.88,500,22.8,200,22.900000000000002,13400,25.12,20.56,0.0,0.0
546,20241022,000739,2,普洛药业,15.81,15.81,6696800,107022672.0,0,15.97,15.96,4200,15.97,15300,15.950000000000001,4800,15.98,17200,15.94,200,15.99,1400,17.39,14.23,0.0,0.0
547,20241022,000750,2,国海证券,4.39,4.37,53244100,233877081.0,0,4.46,4.45,855500,4.46,494200,4.44,1074800,4.47,1324700,4.43,1030500,4.48,1574000,4.83,3.95,0.0,0.0
548,20241022,000778,2,新兴铸管,3.83,3.83,11716500,44919469.0,0,3.83,3.83,215000,3.84,1120900,3.8200000000000003,530300,3.85,1437900,3.81,761200,3.86,1546600,4.21,3.45,0.0,0.0
549,20241022,000783,2,长江证券,6.71,6.71,21807800,145640728.0,0,6.7,6.7,22400,6.71,618500,6.69,156700,6.72,313400,6.68,163800,6.73,306700,7.38,6.04,0.0,0.0
550,20241022,000785,2,居然之家,2.6,2.6,12889800,33833594.0,0,2.65,2.64,121700,2.65,1310400,2.63,497600,2.66,770100,2.62,562200,2.67,592200,2.86,2.34,0.0,0.0
551,20241022,000818,2,航锦科技,18.0,18.080000000000002,6970400,123986904.0,0,17.86,17.85,2100,17.86,9000,17.84,12100,17.87,18700,17.830000000000002,5700,17.88,22100,19.8,16.2,0.0,0.0
552,20241022,000825,2,太钢不锈,3.71,3.71,7550100,27955486.0,0,3.71,3.7,41700,3.71,474500,3.69,283200,3.72,543300,3.68,1345500,3.73,700100,4.08,3.34,0.0,0.0
553,20241022,000830,2,鲁西化工,11.42,11.44,6279000,72227907.0,0,11.56,11.56,43100,11.57,115800,11.55,105200,11.58,113600,11.540000000000001,11000,11.59,166200,12.56,10.28,0.0,0.0
554,20241022,000831,2,中国稀土,27.13,27.5,17603600,493726936.0,0,27.88,27.88,17200,27.89,1300,27.87,4500,27.900000000000002,2300,27.86,4900,27.92,3400,29.84,24.42,0.0,0.0
555,20241022,000878,2,云南铜业,13.41,13.35,11396500,154137636.0,0,13.530000000000001,13.530000000000001,4400,13.540000000000001,57200,13.52,34400,13.55,77800,13.51,18500,13.56,5400,14.75,12.07,0.0,0.0
556,20241022,000883,2,湖北能源,4.93,4.94,9096600,45204376.0,0,4.97,4.96,225700,4.97,100800,4.95,450500,4.98,812200,4.94,467500,4.99,1030500,5.42,4.44,0.0,0.0
557,20241022,000887,2,中鼎股份,13.2,13.21,6218300,82453410.0,0,13.33,13.32,2900,13.33,29600,13.31,12900,13.34,28500,13.3,22900,13.35,45600,14.52,11.88,0.0,0.0
558,20241022,000893,2,亚钾国际,17.94,17.93,3426500,61347151.0,0,17.94,17.94,2600,17.95,3100,17.93,3200,17.96,12700,17.92,11100,17.97,17800,19.73,16.15,0.0,0.0
559,20241022,000898,2,鞍钢股份,2.29,2.2800000000000002,13286800,30479167.0,0,2.3000000000000003,2.3000000000000003,347400,2.31,1984200,2.29,861500,2.32,1832900,2.2800000000000002,2176700,2.33,1170600,2.52,2.06,0.0,0.0
560,20241022,000921,2,海信家电,29.12,29.080000000000002,9731600,291174600.0,0,30.07,30.04,6000,30.07,8600,30.03,1000,30.080000000000002,3900,30.02,1500,30.09,1700,32.03,26.21,0.0,0.0
561,20241022,000932,2,华菱钢铁,4.26,4.25,14873700,63095798.0,0,4.23,4.23,172000,4.24,349300,4.22,1651300,4.25,920400,4.21,2521300,4.26,1475000,4.69,3.83,0.0,0.0
562,20241022,000933,2,神火股份,18.61,18.650000000000002,12656100,235566702.0,0,18.67,18.66,51800,18.67,14000,18.650000000000002,13100,18.68,25600,18.64,800,18.69,4000,20.47,16.75,0.0,0.0
563,20241022,000937,2,冀中能源,6.13,6.17,9003300,55976384.0,0,6.22,6.22,124300,6.23,5500,6.21,188700,6.24,167400,6.2,361500,6.25,286500,6.74,5.5200000000000005,0.0,0.0
564,20241022,000958,2,电投产融,4.5,4.95,200,990.0,0,4.95,4.95,198474200,0.0,0,4.94,1017900,0.0,0,4.93,148900,0.0,0,4.95,4.05,0.0,0.0
565,20241022,000959,2,首钢股份,3.19,3.21,6685300,21281061.0,0,3.17,3.17,218300,3.18,658000,3.16,887400,3.19,776400,3.15,590700,3.2,677200,3.5100000000000002,2.87,0.0,0.0
566,20241022,000960,2,锡业股份,15.76,15.58,10887100,169991632.0,0,15.63,15.620000000000001,5000,15.63,6300,15.610000000000001,27600,15.64,19900,15.6,71800,15.65,35000,17.34,14.18,0.0,0.0
567,20241022,000967,2,盈峰环境,4.47,4.48,2382000,10691374.0,0,4.5,4.5,8800,4.51,55400,4.49,62700,4.5200000000000005,163700,4.48,173500,4.53,136300,4.92,4.0200000000000005,0.0,0.0
568,20241022,000987,2,越秀资本,7.28,7.21,13338500,94773452.0,0,7.1000000000000005,7.09,24400,7.1000000000000005,26700,7.08,82100,7.11,81200,7.07,425200,7.12,60800,8.01,6.55,0.0,0.0
569,20241022,000988,2,华工科技,34.88,35.5,13742000,480981941.0,0,35.25,35.22,700,35.25,5900,35.21,500,35.26,18100,35.2,4500,35.27,8400,38.37,31.39,0.0,0.0
570,20241022,000997,2,新 大 陆,18.6,18.650000000000002,12375000,220716632.0,0,17.740000000000002,17.740000000000002,8900,17.75,41200,17.73,20000,17.76,42700,17.72,7000,17.77,2300,20.46,16.740000000000002,0.0,0.0
571,20241022,000998,2,隆平高科,10.42,10.4,8091900,85018902.0,0,10.53,10.53,1900,10.540000000000001,91500,10.52,20200,10.55,81800,10.51,29400,10.56,22200,11.46,9.38,0.0,0.0
572,20241022,001203,2,大中矿业,8.46,8.47,3008700,25508531.0,0,8.540000000000001,8.540000000000001,25400,8.55,74000,8.53,10100,8.56,66600,8.52,34700,8.57,43900,9.31,7.61,0.0,0.0
573,20241022,001227,2,兰州银行,2.45,2.45,14522300,35591255.0,0,2.44,2.44,328100,2.45,3373100,2.43,6860400,2.46,3841200,2.42,3756800,2.47,4360500,2.7,2.21,0.0,0.0
574,20241022,001286,2,陕西能源,9.85,9.86,10537200,105621051.0,0,10.13,10.13,24700,10.14,2300,10.120000000000001,18700,10.15,14100,10.11,20200,10.16,26400,10.84,8.870000000000001,0.0,0.0
575,20241022,001872,2,招商港口,22.04,22.03,3816300,82857658.0,0,21.55,21.54,800,21.55,400,21.53,100,21.56,400,21.52,1900,21.57,400,24.240000000000002,19.84,0.0,0.0
576,20241022,002008,2,大族激光,24.28,24.3,11376800,277929207.0,0,24.73,24.72,22400,24.73,21300,24.71,5700,24.740000000000002,16900,24.7,6500,24.75,33600,26.71,21.85,0.0,0.0
577,20241022,002019,2,亿帆医药,11.68,11.73,4923500,58272416.0,0,11.97,11.97,11700,11.98,41100,11.96,16400,11.99,26900,11.950000000000001,2700,12.0,96200,12.85,10.51,0.0,0.0
578,20241022,002025,2,航天电器,62.29,62.0,3622700,220329265.0,0,62.35,62.35,200,62.38,400,62.34,200,62.4,1000,62.31,8600,62.410000000000004,2000,68.52,56.06,0.0,0.0
579,20241022,002028,2,思源电气,73.28,73.10000000000001,3239200,242233415.0,0,75.25,75.25,500,75.26,600,75.17,300,75.28,900,75.16,4000,75.29,1600,80.61,65.95,0.0,0.0
580,20241022,002044,2,美年健康,3.91,3.91,12511300,49310541.0,0,3.95,3.95,153500,3.96,558900,3.94,172700,3.97,486400,3.93,376300,3.98,713500,4.3,3.52,0.0,0.0
581,20241022,002056,2,横店东磁,13.76,13.69,4458500,61469105.0,0,13.89,13.88,10400,13.89,3400,13.870000000000001,20600,13.9,55100,13.86,14300,13.91,17100,15.14,12.38,0.0,0.0
582,20241022,002064,2,华峰化学,7.9,7.88,4569600,36313793.0,0,7.94,7.94,6000,7.95,30500,7.930000000000001,7500,7.96,50800,7.92,42500,7.97,50000,8.69,7.11,0.0,0.0
